<?xml version="1.0" encoding="UTF-8"?>
<collection xmlns='http://www.loc.gov/MARC21/slim' xmlns:xsi='http://www.w3.org/2001/XMLSchema-instance' xsi:schemaLocation='http://www.loc.gov/MARC21/slim http://www.loc.gov/standards/marcxml/schema/MARC21slim.xsd'>
	<record>
		<leader>10451cas a2202053 a 4500</leader>
		<controlfield tag="005">20180509171113.0</controlfield>
		<controlfield tag="008">740628c19369999dcuar s f0 a0engd</controlfield>
		<controlfield tag="001">991011965379703811</controlfield>
		<datafield ind1=" " ind2=" " tag="010">
			<subfield code="a">70611049</subfield>
			<subfield code="z">2008200801</subfield>
			<subfield code="z">sc 78002329</subfield>
		</datafield>
		<datafield ind1="0" ind2=" " tag="022">
			<subfield code="a">0163-2000</subfield>
			<subfield code="l">0163-2000</subfield>
			<subfield code="2">1</subfield>
		</datafield>
		<datafield ind1=" " ind2=" " tag="035">
			<subfield code="a">(PPT)b1244084x-01tuli_inst</subfield>
		</datafield>
		<datafield ind1=" " ind2=" " tag="035">
			<subfield code="a">(OCoLC)932137</subfield>
		</datafield>
		<datafield ind1=" " ind2=" " tag="040">
			<subfield code="a">DLC</subfield>
			<subfield code="c">DAY</subfield>
			<subfield code="d">COO</subfield>
			<subfield code="d">DLC</subfield>
			<subfield code="d">NSD</subfield>
			<subfield code="d">OCL</subfield>
			<subfield code="d">GPO</subfield>
			<subfield code="d">NST</subfield>
			<subfield code="d">RCS</subfield>
			<subfield code="d">OCL</subfield>
			<subfield code="d">GPO</subfield>
			<subfield code="d">HUL</subfield>
			<subfield code="d">AGL</subfield>
			<subfield code="d">NST</subfield>
			<subfield code="d">GPO</subfield>
			<subfield code="d">DLC</subfield>
			<subfield code="d">GPO</subfield>
			<subfield code="d">HUL</subfield>
			<subfield code="d">NST</subfield>
			<subfield code="d">OCL</subfield>
			<subfield code="d">NST</subfield>
			<subfield code="d">GPO</subfield>
			<subfield code="d">UDI</subfield>
			<subfield code="d">CLU</subfield>
			<subfield code="d">HUL</subfield>
			<subfield code="d">NST</subfield>
			<subfield code="d">IUL</subfield>
			<subfield code="d">NST</subfield>
			<subfield code="d">GPO</subfield>
			<subfield code="d">NST</subfield>
			<subfield code="d">GPO</subfield>
			<subfield code="d">IUL</subfield>
			<subfield code="d">DLC</subfield>
			<subfield code="d">GPO</subfield>
			<subfield code="d">DLC</subfield>
			<subfield code="d">GPO</subfield>
			<subfield code="d">DLC</subfield>
			<subfield code="d">IUL</subfield>
			<subfield code="d">GPO</subfield>
			<subfield code="d">SYS</subfield>
			<subfield code="d">GPO</subfield>
			<subfield code="d">MYG</subfield>
			<subfield code="d">GPO</subfield>
			<subfield code="d">NLM</subfield>
			<subfield code="d">OCLCQ</subfield>
			<subfield code="d">OCL</subfield>
			<subfield code="d">XND</subfield>
			<subfield code="d">OCLCQ</subfield>
			<subfield code="d">DLC</subfield>
			<subfield code="d">GPO</subfield>
			<subfield code="d">DLC</subfield>
			<subfield code="d">OCLCQ</subfield>
			<subfield code="d">DLC</subfield>
			<subfield code="d">GPO</subfield>
			<subfield code="d">IUL</subfield>
			<subfield code="d">GPO</subfield>
			<subfield code="d">AMAZN</subfield>
			<subfield code="d">OCLCQ</subfield>
			<subfield code="d">GPO</subfield>
			<subfield code="d">MvI</subfield>
		</datafield>
		<datafield ind1=" " ind2=" " tag="042">
			<subfield code="a">pcc</subfield>
			<subfield code="a">nsdp</subfield>
		</datafield>
		<datafield ind1=" " ind2=" " tag="043">
			<subfield code="a">n-us---</subfield>
		</datafield>
		<datafield ind1=" " ind2=" " tag="074">
			<subfield code="a">0853</subfield>
		</datafield>
		<datafield ind1=" " ind2=" " tag="079">
			<subfield code="a">ocm00932137</subfield>
		</datafield>
		<datafield ind1="0" ind2=" " tag="086">
			<subfield code="a">PREX 2.8:</subfield>
		</datafield>
		<datafield ind1=" " ind2=" " tag="090">
			<subfield code="a">HJ2051</subfield>
			<subfield code="b">.A595</subfield>
		</datafield>
		<datafield ind1="1" ind2=" " tag="110">
			<subfield code="a">United States.</subfield>
		</datafield>
		<datafield ind1=" " ind2="4" tag="222">
			<subfield code="a">The Budget of the United States Government</subfield>
		</datafield>
		<datafield ind1="1" ind2="0" tag="240">
			<subfield code="a">Budget of the United States Government (Dept. ed.)</subfield>
		</datafield>
		<datafield ind1="1" ind2="4" tag="245">
			<subfield code="a">The budget of the United States Government.</subfield>
		</datafield>
		<datafield ind1="1" ind2="8" tag="246">
			<subfield code="a">Budget of the U.S. Government</subfield>
		</datafield>
		<datafield ind1="1" ind2=" " tag="246">
			<subfield code="i">  Fiscal year 2010 Budget overview document has title:  </subfield>
			<subfield code="a">New era of responsibility :</subfield>
			<subfield code="b">renewing America's promise</subfield>
		</datafield>
		<datafield ind1="1" ind2=" " tag="246">
			<subfield code="i">Fiscal year 2010 addendum has title:</subfield>
			<subfield code="a">Terminations, reductions, and savings</subfield>
		</datafield>
		<datafield ind1="1" ind2=" " tag="246">
			<subfield code="i">  Rev. summary tables for fiscal year 2010 issued separately in May 2009 with title:  </subfield>
			<subfield code="a">Updated summary tables</subfield>
		</datafield>
		<datafield ind1="1" ind2=" " tag="246">
			<subfield code="i">Fiscal year 2018 has title:</subfield>
			<subfield code="a">New foundation for American greatness</subfield>
		</datafield>
		<datafield ind1="1" ind2=" " tag="246">
			<subfield code="i">Fiscal year 2019 has title:</subfield>
			<subfield code="a">American budget</subfield>
		</datafield>
		<datafield ind1=" " ind2=" " tag="250">
			<subfield code="a">[Dept. ed.].</subfield>
		</datafield>
		<datafield ind1=" " ind2=" " tag="260">
			<subfield code="a">[Washington, D.C. :</subfield>
			<subfield code="b">  Executive Office of the President, Office of Management and Budget :  </subfield>
			<subfield code="b">For sale by the Supt. of Docs., U.S. G.P.O.]</subfield>
		</datafield>
		<datafield ind1=" " ind2=" " tag="300">
			<subfield code="a">v. :</subfield>
			<subfield code="b">ill. ;</subfield>
			<subfield code="c">24-30 cm.</subfield>
		</datafield>
		<datafield ind1=" " ind2=" " tag="310">
			<subfield code="a">Annual</subfield>
		</datafield>
		<datafield ind1="0" ind2=" " tag="362">
			<subfield code="a">1935/36-</subfield>
		</datafield>
		<datafield ind1=" " ind2=" " tag="500">
			<subfield code="a">Title varies slightly.</subfield>
		</datafield>
		<datafield ind1=" " ind2=" " tag="500">
			<subfield code="a">Also published in the House document series.</subfield>
		</datafield>
		<datafield ind1=" " ind2=" " tag="515">
			<subfield code="a">  Report period covers fiscal year. Fiscal year 1995 in 3 vols.; FY 1997 issued in 2 parts, the second part labelled "Supplement."  </subfield>
		</datafield>
		<datafield ind1=" " ind2=" " tag="515">
			<subfield code="a">  Publication suspended 2009; issued in electronic only.  </subfield>
		</datafield>
		<datafield ind1=" " ind2=" " tag="530">
			<subfield code="a">  Beginning with fiscal year 1996, also available via Internet through GPO Access. Address as of 9/23/02: http://www.access.gpo.gov/usbudget/index.html ; current access is available via PURL.  </subfield>
		</datafield>
		<datafield ind1=" " ind2=" " tag="530">
			<subfield code="a">Also issued online.</subfield>
		</datafield>
		<datafield ind1=" " ind2=" " tag="550">
			<subfield code="a">  Vols. for 1935/36-1971 prepared by the U.S. Bureau of the Budget; 1972- by the U.S. Office of Management and Budget.  </subfield>
		</datafield>
		<datafield ind1=" " ind2=" " tag="580">
			<subfield code="a">  Vols. for 1991- absorb information previously issued in: United States budget in brief; Management of the United States government; Special analysis, budget of the United States; and: Major policy initiatives.  </subfield>
		</datafield>
		<datafield ind1=" " ind2=" " tag="580">
			<subfield code="a">  Vols. for 1991-1994 also contain information normally issued in: Budget of the United States government. Appendix; vol. for 1991, 1993 also contain: Historical tables, budget of the United States government, normally issued separately.  </subfield>
		</datafield>
		<datafield ind1=" " ind2=" " tag="580">
			<subfield code="a">  Vols. for 1996- issued also as part of: Budget of the United States Government (CD-ROM version).  </subfield>
		</datafield>
		<datafield ind1=" " ind2=" " tag="580">
			<subfield code="a">  Volume for Fiscal year 2018 complemented by: America first : a budget blueprint to make America great again.  </subfield>
		</datafield>
		<datafield ind1=" " ind2=" " tag="525">
			<subfield code="a">  Has supplements: War supplement, 1943/44-1946/47, and: Corporation supplement, 1946/47.  </subfield>
		</datafield>
		<datafield ind1=" " ind2=" " tag="525">
			<subfield code="a">  Issues for 1951/52- accompanied by an appendix: Obligations by objects and detail of personal services.  </subfield>
		</datafield>
		<datafield ind1=" " ind2="0" tag="650">
			<subfield code="a">Budget</subfield>
			<subfield code="z">United States</subfield>
			<subfield code="v">Periodicals.</subfield>
		</datafield>
		<datafield ind1=" " ind2="2" tag="650">
			<subfield code="a">Budgets</subfield>
			<subfield code="z">United States</subfield>
			<subfield code="v">Periodicals.</subfield>
		</datafield>
		<datafield ind1=" " ind2="2" tag="650">
			<subfield code="a">Financial Management</subfield>
			<subfield code="z">United States</subfield>
			<subfield code="v">Periodicals.</subfield>
		</datafield>
		<datafield ind1=" " ind2="2" tag="650">
			<subfield code="a">Financing, Government</subfield>
			<subfield code="z">United States</subfield>
			<subfield code="v">Periodicals.</subfield>
		</datafield>
		<datafield ind1="1" ind2=" " tag="710">
			<subfield code="a">United States.</subfield>
			<subfield code="b">Bureau of the Budget.</subfield>
		</datafield>
		<datafield ind1="1" ind2=" " tag="710">
			<subfield code="a">United States.</subfield>
			<subfield code="b">Office of Management and Budget.</subfield>
		</datafield>
		<datafield ind1="0" ind2="2" tag="740">
			<subfield code="a">Budget of the United States Government.</subfield>
			<subfield code="p">War supplement.</subfield>
		</datafield>
		<datafield ind1="0" ind2="2" tag="740">
			<subfield code="a">Budget of the United States Government.</subfield>
			<subfield code="p">Corporation supplement.</subfield>
		</datafield>
		<datafield ind1="0" ind2="2" tag="740">
			<subfield code="a">  Obligations by objects and detail of personal services.  </subfield>
		</datafield>
		<datafield ind1="0" ind2=" " tag="770">
			<subfield code="a">United States.</subfield>
			<subfield code="s">  Budget of the United States Government (Dept. ed.). Supplement  </subfield>
			<subfield code="w">(DLC)sn 87018974</subfield>
			<subfield code="w">(OCoLC)15219993</subfield>
		</datafield>
		<datafield ind1="0" ind2=" " tag="775">
			<subfield code="a">United States.</subfield>
			<subfield code="s">Budget of the United States Government (Doc. ed.)</subfield>
			<subfield code="w">(DLC)sn 87042035</subfield>
			<subfield code="w">(OCoLC)6018330</subfield>
		</datafield>
		<datafield ind1="1" ind2=" " tag="776">
			<subfield code="a">United States.</subfield>
			<subfield code="s">Budget of the United States Government (Online)</subfield>
			<subfield code="w">(DLC)sn 97028021</subfield>
			<subfield code="w">(OCoLC)36392262</subfield>
		</datafield>
		<datafield ind1="0" ind2="8" tag="776">
			<subfield code="i">Online version:</subfield>
			<subfield code="a">United States.</subfield>
			<subfield code="t">Budget of the United States Government (Dept. ed.)</subfield>
			<subfield code="w">(OCoLC)555247481</subfield>
		</datafield>
		<datafield ind1="0" ind2="0" tag="780">
			<subfield code="a">United States.</subfield>
			<subfield code="t">  Message of the President of the United States, transmitting the budget for the service of the fiscal year ending ...  </subfield>
			<subfield code="w">(DLC) 2007239544</subfield>
			<subfield code="w">(OCoLC)1388726</subfield>
		</datafield>
		<datafield ind1="1" ind2="5" tag="780">
			<subfield code="a">United States. Office of Management and Budget.</subfield>
			<subfield code="t">United States budget in brief</subfield>
			<subfield code="w">(DLC) 70611022</subfield>
			<subfield code="w">(OCoLC)1227628</subfield>
		</datafield>
		<datafield ind1="1" ind2="5" tag="780">
			<subfield code="a">United States. Office of Management and Budget.</subfield>
			<subfield code="t">  Special analyses, budget of the United States Government  </subfield>
			<subfield code="w">(DLC) 74611023</subfield>
			<subfield code="w">(OCoLC)1241142</subfield>
		</datafield>
		<datafield ind1="1" ind2="5" tag="780">
			<subfield code="t">Management of the United States government</subfield>
			<subfield code="w">(DLC) 85645745</subfield>
			<subfield code="w">(OCoLC)11750764</subfield>
		</datafield>
		<datafield ind1="1" ind2="5" tag="780">
			<subfield code="a">United States. Office of Management and Budget.</subfield>
			<subfield code="t">Major policy initiatives</subfield>
			<subfield code="w">(DLC) 86642970</subfield>
			<subfield code="w">(OCoLC)13113505</subfield>
		</datafield>
		<datafield ind1="1" ind2=" " tag="787">
			<subfield code="a">United States. Office of Management and Budget.</subfield>
			<subfield code="s">  Budget of the United States Government (Dept. ed.). Appendix  </subfield>
			<subfield code="w">(DLC)sn 85019882</subfield>
			<subfield code="w">(OCoLC)2862105</subfield>
		</datafield>
		<datafield ind1="1" ind2=" " tag="787">
			<subfield code="a">United States. Office of Management and Budget.</subfield>
			<subfield code="s">  Budget of the United States Government (Dept. ed.). Analytical perspectives  </subfield>
			<subfield code="w">(DLC) 95640695</subfield>
			<subfield code="w">(OCoLC)29781254</subfield>
		</datafield>
		<datafield ind1="1" ind2=" " tag="787">
			<subfield code="a">United States. Office of Management and Budget.</subfield>
			<subfield code="s">  Historical tables, budget of the United States government (Dept. ed.)  </subfield>
			<subfield code="w">(DLC) 86642170</subfield>
			<subfield code="w">(OCoLC)11657350</subfield>
		</datafield>
		<datafield ind1="1" ind2=" " tag="787">
			<subfield code="a">United States. Office of Management and Budget.</subfield>
			<subfield code="s">  Budget of the United States Government (CD-ROM version)  </subfield>
			<subfield code="w">(DLC) 2007219192</subfield>
			<subfield code="w">(OCoLC)32716725</subfield>
		</datafield>
		<datafield ind1="1" ind2=" " tag="787">
			<subfield code="t">  Citizen's guide to the federal budget, budget of the United States government  </subfield>
			<subfield code="w">(DLC) 96641300</subfield>
			<subfield code="w">(OCoLC)32027997</subfield>
		</datafield>
		<datafield ind1="1" ind2=" " tag="787">
			<subfield code="a">United States.</subfield>
			<subfield code="t">  Budget of the United States Government. Budget message of the President and summary budget statements  </subfield>
			<subfield code="w">(DLC) 2008239123</subfield>
			<subfield code="w">(OCoLC)12903366</subfield>
		</datafield>
		<datafield ind1="1" ind2=" " tag="787">
			<subfield code="a">United States. Office of Management and Budget.</subfield>
			<subfield code="s">  Budget of the United States Government (Dept. ed.). Updated summary tables.  </subfield>
			<subfield code="t">  Budget of the U.S. government. Updated summary tables  </subfield>
			<subfield code="x">2380-3665</subfield>
			<subfield code="w">(DLC) 2009234306</subfield>
			<subfield code="w">(OCoLC)401726028</subfield>
		</datafield>
		<datafield ind1="1" ind2=" " tag="787">
			<subfield code="a">United States. Office of Management and Budget.</subfield>
			<subfield code="s">  Budget of the U.S. Government (Department edition). Major savings and reforms  </subfield>
			<subfield code="w">(DLC) 2017231981</subfield>
			<subfield code="w">(OCoLC)987915201</subfield>
		</datafield>
		<datafield ind1="0" ind2="8" tag="787">
			<subfield code="i">Fiscal year 2018 complemented by (work):</subfield>
			<subfield code="a">United States. Office of Management and Budget.</subfield>
			<subfield code="t">  America first. ‡d Washington, D.C. : U.S. Government Publishing Office, 2017  </subfield>
			<subfield code="z">9780160937620</subfield>
			<subfield code="w">(OCoLC)978251923</subfield>
		</datafield>
		<datafield ind1="4" ind2="1" tag="856">
			<subfield code="3">1997-</subfield>
			<subfield code="u">http://purl.access.gpo.gov/GPO/LPS2343</subfield>
		</datafield>
		<datafield ind1="4" ind2="2" tag="856">
			<subfield code="3">1963-1990</subfield>
			<subfield code="u">http://purl.access.gpo.gov/GPO/LPS86165</subfield>
		</datafield>
		<datafield ind1=" " ind2=" " tag="907">
			<subfield code="a">.b1244084x</subfield>
			<subfield code="b">multi</subfield>
			<subfield code="c">-</subfield>
		</datafield>
		<datafield ind1=" " ind2=" " tag="935">
			<subfield code="a">ocm00932137</subfield>
		</datafield>
		<datafield ind1=" " ind2=" " tag="945">
			<subfield code="l">astk</subfield>
			<subfield code="u">v.1993/94</subfield>
			<subfield code="g">1</subfield>
		</datafield>
		<datafield ind1=" " ind2=" " tag="945">
			<subfield code="l">astk</subfield>
			<subfield code="u">v.1996/97</subfield>
			<subfield code="g">1</subfield>
		</datafield>
		<datafield ind1=" " ind2=" " tag="945">
			<subfield code="l">astk</subfield>
			<subfield code="u">v.1997/98</subfield>
			<subfield code="g">1</subfield>
		</datafield>
		<datafield ind1=" " ind2=" " tag="945">
			<subfield code="l">astk</subfield>
			<subfield code="u">v.1999</subfield>
			<subfield code="g">1</subfield>
		</datafield>
		<datafield ind1=" " ind2=" " tag="945">
			<subfield code="l">astk</subfield>
			<subfield code="u">v.1999</subfield>
			<subfield code="g">1</subfield>
		</datafield>
		<datafield ind1=" " ind2=" " tag="945">
			<subfield code="l">astk</subfield>
			<subfield code="u">v.2000/01</subfield>
			<subfield code="g">1</subfield>
		</datafield>
		<datafield ind1=" " ind2=" " tag="945">
			<subfield code="l">astk</subfield>
			<subfield code="u">v.2001/02</subfield>
			<subfield code="g">1</subfield>
		</datafield>
		<datafield ind1=" " ind2=" " tag="945">
			<subfield code="l">rstk</subfield>
			<subfield code="u">v.2012</subfield>
			<subfield code="g">1</subfield>
		</datafield>
		<datafield ind1=" " ind2=" " tag="945">
			<subfield code="l">pstk</subfield>
			<subfield code="u">v.2007/08</subfield>
			<subfield code="g">1</subfield>
		</datafield>
		<datafield ind1=" " ind2=" " tag="945">
			<subfield code="l">pstk</subfield>
			<subfield code="u">v.1922/1923</subfield>
			<subfield code="g">1</subfield>
		</datafield>
		<datafield ind1=" " ind2=" " tag="945">
			<subfield code="l">pstk</subfield>
			<subfield code="u">v.1930</subfield>
			<subfield code="g">1</subfield>
		</datafield>
		<datafield ind1=" " ind2=" " tag="945">
			<subfield code="l">pstk</subfield>
			<subfield code="u">v.1937/1938</subfield>
			<subfield code="g">1</subfield>
		</datafield>
		<datafield ind1=" " ind2=" " tag="945">
			<subfield code="l">pstk</subfield>
			<subfield code="u">v.1939/1940</subfield>
			<subfield code="g">1</subfield>
		</datafield>
		<datafield ind1=" " ind2=" " tag="945">
			<subfield code="l">pstk</subfield>
			<subfield code="u">v.1940/1941</subfield>
			<subfield code="g">1</subfield>
		</datafield>
		<datafield ind1=" " ind2=" " tag="945">
			<subfield code="l">pstk</subfield>
			<subfield code="u">v.1941/1942</subfield>
			<subfield code="g">1</subfield>
		</datafield>
		<datafield ind1=" " ind2=" " tag="945">
			<subfield code="l">pstk</subfield>
			<subfield code="u">v.1942/1943</subfield>
			<subfield code="g">1</subfield>
		</datafield>
		<datafield ind1=" " ind2=" " tag="945">
			<subfield code="l">pstk</subfield>
			<subfield code="u">v.1943/1944</subfield>
			<subfield code="g">1</subfield>
		</datafield>
		<datafield ind1=" " ind2=" " tag="945">
			<subfield code="l">pstk</subfield>
			<subfield code="u">v.1944/1945</subfield>
			<subfield code="g">1</subfield>
		</datafield>
		<datafield ind1=" " ind2=" " tag="945">
			<subfield code="l">pstk</subfield>
			<subfield code="u">v.1945/1946</subfield>
			<subfield code="g">1</subfield>
		</datafield>
		<datafield ind1=" " ind2=" " tag="945">
			<subfield code="l">pstk</subfield>
			<subfield code="u">v.1946/1947</subfield>
			<subfield code="g">1</subfield>
		</datafield>
		<datafield ind1=" " ind2=" " tag="945">
			<subfield code="l">pstk</subfield>
			<subfield code="u">v.1947/1948</subfield>
			<subfield code="g">1</subfield>
		</datafield>
		<datafield ind1=" " ind2=" " tag="945">
			<subfield code="l">pstk</subfield>
			<subfield code="u">v.1948/1949</subfield>
			<subfield code="g">1</subfield>
		</datafield>
		<datafield ind1=" " ind2=" " tag="945">
			<subfield code="l">pstk</subfield>
			<subfield code="u">v.1949/1950</subfield>
			<subfield code="g">1</subfield>
		</datafield>
		<datafield ind1=" " ind2=" " tag="945">
			<subfield code="l">pstk</subfield>
			<subfield code="u">v.1950/1951</subfield>
			<subfield code="g">1</subfield>
		</datafield>
		<datafield ind1=" " ind2=" " tag="945">
			<subfield code="l">pstk</subfield>
			<subfield code="u">v.1951/1952</subfield>
			<subfield code="g">1</subfield>
		</datafield>
		<datafield ind1=" " ind2=" " tag="945">
			<subfield code="l">pstk</subfield>
			<subfield code="u">v.1952/1953</subfield>
			<subfield code="g">1</subfield>
		</datafield>
		<datafield ind1=" " ind2=" " tag="945">
			<subfield code="l">pstk</subfield>
			<subfield code="u">v.1953/1954</subfield>
			<subfield code="g">1</subfield>
		</datafield>
		<datafield ind1=" " ind2=" " tag="945">
			<subfield code="l">pstk</subfield>
			<subfield code="u">v.1954/1955</subfield>
			<subfield code="g">1</subfield>
		</datafield>
		<datafield ind1=" " ind2=" " tag="945">
			<subfield code="l">pstk</subfield>
			<subfield code="u">v.1955/1956</subfield>
			<subfield code="g">1</subfield>
		</datafield>
		<datafield ind1=" " ind2=" " tag="945">
			<subfield code="l">pstk</subfield>
			<subfield code="u">v.1956/1957</subfield>
			<subfield code="g">1</subfield>
		</datafield>
		<datafield ind1=" " ind2=" " tag="945">
			<subfield code="l">pstk</subfield>
			<subfield code="u">v.1957/1958</subfield>
			<subfield code="g">1</subfield>
		</datafield>
		<datafield ind1=" " ind2=" " tag="945">
			<subfield code="l">pstk</subfield>
			<subfield code="u">v.1958/1959</subfield>
			<subfield code="g">1</subfield>
		</datafield>
		<datafield ind1=" " ind2=" " tag="945">
			<subfield code="l">pstk</subfield>
			<subfield code="u">v.1959/1960</subfield>
			<subfield code="g">1</subfield>
		</datafield>
		<datafield ind1=" " ind2=" " tag="945">
			<subfield code="l">pstk</subfield>
			<subfield code="u">v.1960/1961</subfield>
			<subfield code="g">1</subfield>
		</datafield>
		<datafield ind1=" " ind2=" " tag="945">
			<subfield code="l">pstk</subfield>
			<subfield code="u">v.1961/1962</subfield>
			<subfield code="g">1</subfield>
		</datafield>
		<datafield ind1=" " ind2=" " tag="945">
			<subfield code="l">pstk</subfield>
			<subfield code="u">v.1962/1963</subfield>
			<subfield code="g">1</subfield>
		</datafield>
		<datafield ind1=" " ind2=" " tag="945">
			<subfield code="l">pstk</subfield>
			<subfield code="u">v.1963/1964</subfield>
			<subfield code="g">1</subfield>
		</datafield>
		<datafield ind1=" " ind2=" " tag="945">
			<subfield code="l">pstk</subfield>
			<subfield code="u">v.1964/1965</subfield>
			<subfield code="g">1</subfield>
		</datafield>
		<datafield ind1=" " ind2=" " tag="945">
			<subfield code="l">pstk</subfield>
			<subfield code="u">v.1965/1966</subfield>
			<subfield code="g">1</subfield>
		</datafield>
		<datafield ind1=" " ind2=" " tag="945">
			<subfield code="l">pstk</subfield>
			<subfield code="u">v.1966/1967</subfield>
			<subfield code="g">1</subfield>
		</datafield>
		<datafield ind1=" " ind2=" " tag="945">
			<subfield code="l">pstk</subfield>
			<subfield code="u">v.1967/1968</subfield>
			<subfield code="g">1</subfield>
		</datafield>
		<datafield ind1=" " ind2=" " tag="945">
			<subfield code="l">pstk</subfield>
			<subfield code="u">v.1968/1969</subfield>
			<subfield code="g">1</subfield>
		</datafield>
		<datafield ind1=" " ind2=" " tag="945">
			<subfield code="l">pstk</subfield>
			<subfield code="u">v.1969/1970</subfield>
			<subfield code="g">1</subfield>
		</datafield>
		<datafield ind1=" " ind2=" " tag="945">
			<subfield code="l">pstk</subfield>
			<subfield code="u">v.1970/1971</subfield>
			<subfield code="g">1</subfield>
		</datafield>
		<datafield ind1=" " ind2=" " tag="945">
			<subfield code="l">pstk</subfield>
			<subfield code="u">v.1971/1972</subfield>
			<subfield code="g">1</subfield>
		</datafield>
		<datafield ind1=" " ind2=" " tag="945">
			<subfield code="l">pstk</subfield>
			<subfield code="u">v.1972/1973</subfield>
			<subfield code="g">1</subfield>
		</datafield>
		<datafield ind1=" " ind2=" " tag="945">
			<subfield code="l">pstk</subfield>
			<subfield code="u">v.1972/1973</subfield>
			<subfield code="g">1</subfield>
		</datafield>
		<datafield ind1=" " ind2=" " tag="945">
			<subfield code="l">pstk</subfield>
			<subfield code="u">v.1973/1974</subfield>
			<subfield code="g">1</subfield>
		</datafield>
		<datafield ind1=" " ind2=" " tag="945">
			<subfield code="l">pstk</subfield>
			<subfield code="u">v.1974/1975</subfield>
			<subfield code="g">1</subfield>
		</datafield>
		<datafield ind1=" " ind2=" " tag="945">
			<subfield code="l">pstk</subfield>
			<subfield code="u">v.1975/1976</subfield>
			<subfield code="g">1</subfield>
		</datafield>
		<datafield ind1=" " ind2=" " tag="945">
			<subfield code="l">pstk</subfield>
			<subfield code="u">v.1976/1977</subfield>
			<subfield code="g">1</subfield>
		</datafield>
		<datafield ind1=" " ind2=" " tag="945">
			<subfield code="l">pstk</subfield>
			<subfield code="u">v.1977/1978</subfield>
			<subfield code="g">1</subfield>
		</datafield>
		<datafield ind1=" " ind2=" " tag="945">
			<subfield code="l">pstk</subfield>
			<subfield code="u">v.1978/1979</subfield>
			<subfield code="g">1</subfield>
		</datafield>
		<datafield ind1=" " ind2=" " tag="945">
			<subfield code="l">pstk</subfield>
			<subfield code="u">v.1979/1980</subfield>
			<subfield code="g">1</subfield>
		</datafield>
		<datafield ind1=" " ind2=" " tag="945">
			<subfield code="l">pstk</subfield>
			<subfield code="u">v.1980/1981</subfield>
			<subfield code="g">1</subfield>
		</datafield>
		<datafield ind1=" " ind2=" " tag="945">
			<subfield code="l">pstk</subfield>
			<subfield code="u">v.1981 (revisions)</subfield>
			<subfield code="g">1</subfield>
		</datafield>
		<datafield ind1=" " ind2=" " tag="945">
			<subfield code="l">pstk</subfield>
			<subfield code="u">v.1981/1982</subfield>
			<subfield code="g">1</subfield>
		</datafield>
		<datafield ind1=" " ind2=" " tag="945">
			<subfield code="l">pstk</subfield>
			<subfield code="u">v.1981/1982 (add. revision)</subfield>
			<subfield code="g">1</subfield>
		</datafield>
		<datafield ind1=" " ind2=" " tag="945">
			<subfield code="l">pstk</subfield>
			<subfield code="u">v.1981/1982 (revision)</subfield>
			<subfield code="g">1</subfield>
		</datafield>
		<datafield ind1=" " ind2=" " tag="945">
			<subfield code="l">pstk</subfield>
			<subfield code="u">v.1982/1983</subfield>
			<subfield code="g">1</subfield>
		</datafield>
		<datafield ind1=" " ind2=" " tag="945">
			<subfield code="l">pstk</subfield>
			<subfield code="u">v.1983/84</subfield>
			<subfield code="g">1</subfield>
		</datafield>
		<datafield ind1=" " ind2=" " tag="945">
			<subfield code="l">pstk</subfield>
			<subfield code="u">v.1983/1982</subfield>
			<subfield code="g">1</subfield>
		</datafield>
		<datafield ind1=" " ind2=" " tag="945">
			<subfield code="l">pstk</subfield>
			<subfield code="u">v.1984</subfield>
			<subfield code="g">1</subfield>
		</datafield>
		<datafield ind1=" " ind2=" " tag="945">
			<subfield code="l">pstk</subfield>
			<subfield code="u">v.1984/85</subfield>
			<subfield code="g">1</subfield>
		</datafield>
		<datafield ind1=" " ind2=" " tag="945">
			<subfield code="l">pstk</subfield>
			<subfield code="u">v.1985/86</subfield>
			<subfield code="g">1</subfield>
		</datafield>
		<datafield ind1=" " ind2=" " tag="945">
			<subfield code="l">pstk</subfield>
			<subfield code="u">v.1985/1986</subfield>
			<subfield code="g">1</subfield>
		</datafield>
		<datafield ind1=" " ind2=" " tag="945">
			<subfield code="l">pstk</subfield>
			<subfield code="u">v.1986/87</subfield>
			<subfield code="g">1</subfield>
		</datafield>
		<datafield ind1=" " ind2=" " tag="945">
			<subfield code="l">pstk</subfield>
			<subfield code="u">v.1987/88</subfield>
			<subfield code="g">1</subfield>
		</datafield>
		<datafield ind1=" " ind2=" " tag="945">
			<subfield code="l">pstk</subfield>
			<subfield code="u">v.1988/89</subfield>
			<subfield code="g">1</subfield>
		</datafield>
		<datafield ind1=" " ind2=" " tag="945">
			<subfield code="l">pstk</subfield>
			<subfield code="u">v.1989/90</subfield>
			<subfield code="g">1</subfield>
		</datafield>
		<datafield ind1=" " ind2=" " tag="945">
			<subfield code="l">pstk</subfield>
			<subfield code="u">v.1990/91</subfield>
			<subfield code="g">1</subfield>
		</datafield>
		<datafield ind1=" " ind2=" " tag="945">
			<subfield code="l">pstk</subfield>
			<subfield code="u">v.1991</subfield>
			<subfield code="g">1</subfield>
		</datafield>
		<datafield ind1=" " ind2=" " tag="945">
			<subfield code="l">pstk</subfield>
			<subfield code="u">v.1991/92</subfield>
			<subfield code="g">1</subfield>
		</datafield>
		<datafield ind1=" " ind2=" " tag="945">
			<subfield code="l">pstk</subfield>
			<subfield code="u">v.1992</subfield>
			<subfield code="g">1</subfield>
		</datafield>
		<datafield ind1=" " ind2=" " tag="945">
			<subfield code="l">pstk</subfield>
			<subfield code="u">v.1992/93</subfield>
			<subfield code="g">1</subfield>
		</datafield>
		<datafield ind1=" " ind2=" " tag="945">
			<subfield code="l">pstk</subfield>
			<subfield code="u">v.1993/94</subfield>
			<subfield code="g">1</subfield>
		</datafield>
		<datafield ind1=" " ind2=" " tag="945">
			<subfield code="l">pstk</subfield>
			<subfield code="u">v.1994/95</subfield>
			<subfield code="g">1</subfield>
		</datafield>
		<datafield ind1=" " ind2=" " tag="945">
			<subfield code="l">pstk</subfield>
			<subfield code="u">v.1995/96</subfield>
			<subfield code="g">1</subfield>
		</datafield>
		<datafield ind1=" " ind2=" " tag="945">
			<subfield code="l">pstk</subfield>
			<subfield code="u">v.1996/97</subfield>
			<subfield code="g">1</subfield>
		</datafield>
		<datafield ind1=" " ind2=" " tag="945">
			<subfield code="l">pstk</subfield>
			<subfield code="u">v.1997/98</subfield>
			<subfield code="g">1</subfield>
		</datafield>
		<datafield ind1=" " ind2=" " tag="945">
			<subfield code="l">pstk</subfield>
			<subfield code="u">v.1999</subfield>
			<subfield code="g">1</subfield>
		</datafield>
		<datafield ind1=" " ind2=" " tag="945">
			<subfield code="l">pstk</subfield>
			<subfield code="u">v.1999/2000</subfield>
			<subfield code="g">1</subfield>
		</datafield>
		<datafield ind1=" " ind2=" " tag="945">
			<subfield code="l">pstk</subfield>
			<subfield code="u">v.2000/01</subfield>
			<subfield code="g">1</subfield>
		</datafield>
		<datafield ind1=" " ind2=" " tag="945">
			<subfield code="l">pstk</subfield>
			<subfield code="u">v.2001/02</subfield>
			<subfield code="g">1</subfield>
		</datafield>
		<datafield ind1=" " ind2=" " tag="945">
			<subfield code="l">pstk</subfield>
			<subfield code="u">v.2002/03</subfield>
			<subfield code="g">1</subfield>
		</datafield>
		<datafield ind1=" " ind2=" " tag="945">
			<subfield code="l">pstk</subfield>
			<subfield code="u">v.2003/04</subfield>
			<subfield code="g">1</subfield>
		</datafield>
		<datafield ind1=" " ind2=" " tag="945">
			<subfield code="l">pstk</subfield>
			<subfield code="u">v.2004/05</subfield>
			<subfield code="g">1</subfield>
		</datafield>
		<datafield ind1=" " ind2=" " tag="945">
			<subfield code="l">pstk</subfield>
			<subfield code="u">v.2010/11</subfield>
			<subfield code="g">1</subfield>
		</datafield>
		<datafield ind1=" " ind2=" " tag="945">
			<subfield code="l">pstk</subfield>
			<subfield code="u">v.2011</subfield>
			<subfield code="g">1</subfield>
		</datafield>
		<datafield ind1=" " ind2=" " tag="945">
			<subfield code="l">pstk</subfield>
			<subfield code="u">v.2013</subfield>
			<subfield code="g">1</subfield>
		</datafield>
		<datafield ind1=" " ind2=" " tag="945">
			<subfield code="l">pstk</subfield>
			<subfield code="u">v.2015</subfield>
			<subfield code="g">1</subfield>
		</datafield>
		<datafield ind1=" " ind2=" " tag="945">
			<subfield code="l">pstk</subfield>
			<subfield code="u">v.2014</subfield>
			<subfield code="g">1</subfield>
		</datafield>
		<datafield ind1=" " ind2=" " tag="945">
			<subfield code="l">pstk</subfield>
			<subfield code="u">v.2018 Blueprt</subfield>
			<subfield code="g">1</subfield>
		</datafield>
		<datafield ind1=" " ind2=" " tag="945">
			<subfield code="l">pstk</subfield>
			<subfield code="u">v.2017</subfield>
			<subfield code="g">1</subfield>
		</datafield>
		<datafield ind1=" " ind2=" " tag="979">
			<subfield code="a">ocm00932137</subfield>
		</datafield>
		<datafield ind1=" " ind2=" " tag="998">
			<subfield code="b">98</subfield>
			<subfield code="c">990101</subfield>
			<subfield code="d">s</subfield>
			<subfield code="e">a</subfield>
			<subfield code="f">-</subfield>
			<subfield code="g">4</subfield>
		</datafield>
		<datafield ind1=" " ind2=" " tag="ADM">
			<subfield code="b">2018-10-14 07:28:51</subfield>
			<subfield code="e">b1244084x-01tuli_inst</subfield>
			<subfield code="d">ILS</subfield>
			<subfield code="a">2017-06-20 12:32:21</subfield>
			<subfield code="c">false</subfield>
		</datafield>
		<datafield ind1="0" ind2=" " tag="HLD">
			<subfield code="b">AMBLER</subfield>
			<subfield code="c">stacks</subfield>
			<subfield code="h">HJ2051</subfield>
			<subfield code="i">.A595</subfield>
			<subfield code="x">  INT. NOTE: use / yr. bind REF | NOTE(CHECKIN): All in (AMBREF). | RETENTION: -  </subfield>
			<subfield code="8">22318864040003811</subfield>
		</datafield>
		<datafield ind1=" " ind2="0" tag="HLD866">
			<subfield code="a">1993/94-</subfield>
			<subfield code="8">22318864040003811</subfield>
		</datafield>
		<datafield ind1="0" ind2=" " tag="HLD">
			<subfield code="b">MAIN</subfield>
			<subfield code="c">stacks</subfield>
			<subfield code="h">HJ2051</subfield>
			<subfield code="i">.A595</subfield>
			<subfield code="x">  INT. NOTE: use / yr. bind REF | NOTE(CHECKIN): Latest in (REF). | RETENTION: -  </subfield>
			<subfield code="8">22318863960003811</subfield>
		</datafield>
		<datafield ind1=" " ind2="0" tag="HLD866">
			<subfield code="a">1971/72- Latest in Paley Ref. Stacks.</subfield>
			<subfield code="8">22318863960003811</subfield>
		</datafield>
		<datafield ind1="0" ind2=" " tag="HLD">
			<subfield code="b">MAIN</subfield>
			<subfield code="c">reference</subfield>
			<subfield code="h">HJ2051</subfield>
			<subfield code="i">.A595</subfield>
			<subfield code="x">  INT. NOTE: use / yr. bind REF | NOTE(CHECKIN): Latest only. Give to Tom to bind after checking in per B Wright. dc 4/07 | RETENTION: -  </subfield>
			<subfield code="8">22318863060003811</subfield>
		</datafield>
		<datafield ind1=" " ind2="0" tag="HLD866">
			<subfield code="a">Latest only.</subfield>
			<subfield code="8">22318863060003811</subfield>
		</datafield>
		<datafield ind1=" " ind2=" " tag="ITM">
			<subfield code="r">22318863960003811</subfield>
			<subfield code="b">1</subfield>
			<subfield code="h">0</subfield>
			<subfield code="g">stacks</subfield>
			<subfield code="t">ISSUE</subfield>
			<subfield code="9">39074021178041</subfield>
			<subfield code="e">stacks</subfield>
			<subfield code="8">23318863650003811</subfield>
			<subfield code="c">1940/1941</subfield>
			<subfield code="a">0</subfield>
			<subfield code="q">2017-06-20 12:32:21</subfield>
			<subfield code="i">HJ2051 .A595</subfield>
			<subfield code="d">MAIN</subfield>
			<subfield code="f">MAIN</subfield>
		</datafield>
		<datafield ind1=" " ind2=" " tag="ITM">
			<subfield code="r">22318863960003811</subfield>
			<subfield code="b">1</subfield>
			<subfield code="h">0</subfield>
			<subfield code="g">stacks</subfield>
			<subfield code="t">ISSUE</subfield>
			<subfield code="9">39074021178033</subfield>
			<subfield code="e">stacks</subfield>
			<subfield code="8">23318863660003811</subfield>
			<subfield code="c">1939/1940</subfield>
			<subfield code="a">0</subfield>
			<subfield code="q">2017-06-20 12:32:21</subfield>
			<subfield code="i">HJ2051 .A595</subfield>
			<subfield code="d">MAIN</subfield>
			<subfield code="f">MAIN</subfield>
		</datafield>
		<datafield ind1=" " ind2=" " tag="ITM">
			<subfield code="r">22318863960003811</subfield>
			<subfield code="b">1</subfield>
			<subfield code="h">0</subfield>
			<subfield code="g">stacks</subfield>
			<subfield code="t">ISSUE</subfield>
			<subfield code="9">39074021178025</subfield>
			<subfield code="e">stacks</subfield>
			<subfield code="8">23318863670003811</subfield>
			<subfield code="c">1937/1938</subfield>
			<subfield code="a">0</subfield>
			<subfield code="q">2017-06-20 12:32:21</subfield>
			<subfield code="i">HJ2051 .A595</subfield>
			<subfield code="d">MAIN</subfield>
			<subfield code="f">MAIN</subfield>
		</datafield>
		<datafield ind1=" " ind2=" " tag="ITM">
			<subfield code="r">22318863960003811</subfield>
			<subfield code="b">1</subfield>
			<subfield code="h">0</subfield>
			<subfield code="g">stacks</subfield>
			<subfield code="t">ISSUE</subfield>
			<subfield code="9">39074021178199</subfield>
			<subfield code="e">stacks</subfield>
			<subfield code="8">23318863620003811</subfield>
			<subfield code="c">1943/1944</subfield>
			<subfield code="a">0</subfield>
			<subfield code="q">2017-06-20 12:32:21</subfield>
			<subfield code="i">HJ2051 .A595</subfield>
			<subfield code="d">MAIN</subfield>
			<subfield code="f">MAIN</subfield>
		</datafield>
		<datafield ind1=" " ind2=" " tag="ITM">
			<subfield code="r">22318863960003811</subfield>
			<subfield code="b">1</subfield>
			<subfield code="h">0</subfield>
			<subfield code="g">stacks</subfield>
			<subfield code="t">ISSUE</subfield>
			<subfield code="9">39074021178116</subfield>
			<subfield code="e">stacks</subfield>
			<subfield code="8">23318863610003811</subfield>
			<subfield code="c">1944/1945</subfield>
			<subfield code="a">0</subfield>
			<subfield code="q">2017-06-20 12:32:21</subfield>
			<subfield code="i">HJ2051 .A595</subfield>
			<subfield code="d">MAIN</subfield>
			<subfield code="f">MAIN</subfield>
		</datafield>
		<datafield ind1=" " ind2=" " tag="ITM">
			<subfield code="r">22318863960003811</subfield>
			<subfield code="b">1</subfield>
			<subfield code="h">0</subfield>
			<subfield code="g">stacks</subfield>
			<subfield code="t">ISSUE</subfield>
			<subfield code="9">39074021178066</subfield>
			<subfield code="e">stacks</subfield>
			<subfield code="8">23318863630003811</subfield>
			<subfield code="c">1942/1943</subfield>
			<subfield code="a">0</subfield>
			<subfield code="q">2017-06-20 12:32:21</subfield>
			<subfield code="i">HJ2051 .A595</subfield>
			<subfield code="d">MAIN</subfield>
			<subfield code="f">MAIN</subfield>
		</datafield>
		<datafield ind1=" " ind2=" " tag="ITM">
			<subfield code="r">22318863960003811</subfield>
			<subfield code="b">1</subfield>
			<subfield code="h">0</subfield>
			<subfield code="g">stacks</subfield>
			<subfield code="t">ISSUE</subfield>
			<subfield code="9">39074021178017</subfield>
			<subfield code="e">stacks</subfield>
			<subfield code="8">23318863680003811</subfield>
			<subfield code="c">1930</subfield>
			<subfield code="a">0</subfield>
			<subfield code="q">2017-06-20 12:32:21</subfield>
			<subfield code="i">HJ2051 .A595</subfield>
			<subfield code="d">MAIN</subfield>
			<subfield code="f">MAIN</subfield>
		</datafield>
		<datafield ind1=" " ind2=" " tag="ITM">
			<subfield code="r">22318863960003811</subfield>
			<subfield code="b">1</subfield>
			<subfield code="h">0</subfield>
			<subfield code="g">stacks</subfield>
			<subfield code="t">ISSUE</subfield>
			<subfield code="9">39074021178009</subfield>
			<subfield code="e">stacks</subfield>
			<subfield code="8">23318863690003811</subfield>
			<subfield code="c">1922/1923</subfield>
			<subfield code="a">0</subfield>
			<subfield code="q">2017-06-20 12:32:21</subfield>
			<subfield code="i">HJ2051 .A595</subfield>
			<subfield code="d">MAIN</subfield>
			<subfield code="f">MAIN</subfield>
		</datafield>
		<datafield ind1=" " ind2=" " tag="ITM">
			<subfield code="r">22318863960003811</subfield>
			<subfield code="b">1</subfield>
			<subfield code="h">0</subfield>
			<subfield code="g">stacks</subfield>
			<subfield code="t">ISSUE</subfield>
			<subfield code="9">39074021178124</subfield>
			<subfield code="e">stacks</subfield>
			<subfield code="8">23318863600003811</subfield>
			<subfield code="c">1945/1946</subfield>
			<subfield code="a">0</subfield>
			<subfield code="q">2017-06-20 12:32:21</subfield>
			<subfield code="i">HJ2051 .A595</subfield>
			<subfield code="d">MAIN</subfield>
			<subfield code="f">MAIN</subfield>
		</datafield>
		<datafield ind1=" " ind2=" " tag="ITM">
			<subfield code="r">22318863960003811</subfield>
			<subfield code="b">1</subfield>
			<subfield code="h">0</subfield>
			<subfield code="g">stacks</subfield>
			<subfield code="t">ISSUE</subfield>
			<subfield code="9">39074021178058</subfield>
			<subfield code="e">stacks</subfield>
			<subfield code="8">23318863640003811</subfield>
			<subfield code="c">1941/1942</subfield>
			<subfield code="a">0</subfield>
			<subfield code="q">2017-06-20 12:32:21</subfield>
			<subfield code="i">HJ2051 .A595</subfield>
			<subfield code="d">MAIN</subfield>
			<subfield code="f">MAIN</subfield>
		</datafield>
		<datafield ind1=" " ind2=" " tag="ITM">
			<subfield code="r">22318863960003811</subfield>
			<subfield code="b">1</subfield>
			<subfield code="h">0</subfield>
			<subfield code="g">stacks</subfield>
			<subfield code="t">ISSUE</subfield>
			<subfield code="9">39074021178454</subfield>
			<subfield code="e">stacks</subfield>
			<subfield code="8">23318863250003811</subfield>
			<subfield code="c">1980/1981</subfield>
			<subfield code="a">0</subfield>
			<subfield code="q">2017-06-20 12:32:21</subfield>
			<subfield code="i">HJ2051 .A595</subfield>
			<subfield code="d">MAIN</subfield>
			<subfield code="f">MAIN</subfield>
		</datafield>
		<datafield ind1=" " ind2=" " tag="ITM">
			<subfield code="r">22318863960003811</subfield>
			<subfield code="b">1</subfield>
			<subfield code="h">0</subfield>
			<subfield code="g">stacks</subfield>
			<subfield code="t">ISSUE</subfield>
			<subfield code="9">39074021178496</subfield>
			<subfield code="e">stacks</subfield>
			<subfield code="8">23318863320003811</subfield>
			<subfield code="c">1973/1974</subfield>
			<subfield code="a">0</subfield>
			<subfield code="q">2017-06-20 12:32:21</subfield>
			<subfield code="i">HJ2051 .A595</subfield>
			<subfield code="d">MAIN</subfield>
			<subfield code="f">MAIN</subfield>
		</datafield>
		<datafield ind1=" " ind2=" " tag="ITM">
			<subfield code="r">22318863960003811</subfield>
			<subfield code="b">1</subfield>
			<subfield code="h">0</subfield>
			<subfield code="g">stacks</subfield>
			<subfield code="t">ISSUE</subfield>
			<subfield code="9">39074021178520</subfield>
			<subfield code="e">stacks</subfield>
			<subfield code="8">23318863340003811</subfield>
			<subfield code="c">1971/1972</subfield>
			<subfield code="a">0</subfield>
			<subfield code="q">2017-06-20 12:32:21</subfield>
			<subfield code="i">HJ2051 .A595</subfield>
			<subfield code="d">MAIN</subfield>
			<subfield code="f">MAIN</subfield>
		</datafield>
		<datafield ind1=" " ind2=" " tag="ITM">
			<subfield code="r">22318863060003811</subfield>
			<subfield code="b">1</subfield>
			<subfield code="h">0</subfield>
			<subfield code="g">reference</subfield>
			<subfield code="t">ISSUE</subfield>
			<subfield code="9">39074026999110</subfield>
			<subfield code="e">reference</subfield>
			<subfield code="8">23415017700003811</subfield>
			<subfield code="c">2019</subfield>
			<subfield code="a">12</subfield>
			<subfield code="q">2018-03-27 21:23:48</subfield>
			<subfield code="i">HJ2051 .A595</subfield>
			<subfield code="d">MAIN</subfield>
			<subfield code="f">MAIN</subfield>
		</datafield>
		<datafield ind1=" " ind2=" " tag="ITM">
			<subfield code="r">22318863960003811</subfield>
			<subfield code="b">1</subfield>
			<subfield code="h">0</subfield>
			<subfield code="g">stacks</subfield>
			<subfield code="t">ISSUE</subfield>
			<subfield code="9">39074021178512</subfield>
			<subfield code="e">stacks</subfield>
			<subfield code="8">23318863210003811</subfield>
			<subfield code="c">1981/1982 (add. revision)</subfield>
			<subfield code="a">0</subfield>
			<subfield code="q">2017-06-20 12:32:21</subfield>
			<subfield code="i">HJ2051 .A595</subfield>
			<subfield code="d">MAIN</subfield>
			<subfield code="f">MAIN</subfield>
		</datafield>
		<datafield ind1=" " ind2=" " tag="ITM">
			<subfield code="r">22318863960003811</subfield>
			<subfield code="b">1</subfield>
			<subfield code="h">0</subfield>
			<subfield code="g">stacks</subfield>
			<subfield code="t">ISSUE</subfield>
			<subfield code="9">39074021178405</subfield>
			<subfield code="e">stacks</subfield>
			<subfield code="8">23318863290003811</subfield>
			<subfield code="c">1976/1977</subfield>
			<subfield code="a">0</subfield>
			<subfield code="q">2017-06-20 12:32:21</subfield>
			<subfield code="i">HJ2051 .A595</subfield>
			<subfield code="d">MAIN</subfield>
			<subfield code="f">MAIN</subfield>
		</datafield>
		<datafield ind1=" " ind2=" " tag="ITM">
			<subfield code="r">22318863960003811</subfield>
			<subfield code="b">1</subfield>
			<subfield code="h">0</subfield>
			<subfield code="g">stacks</subfield>
			<subfield code="t">ISSUE</subfield>
			<subfield code="9">39074021178397</subfield>
			<subfield code="e">stacks</subfield>
			<subfield code="8">23318863300003811</subfield>
			<subfield code="c">1975/1976</subfield>
			<subfield code="a">0</subfield>
			<subfield code="q">2017-06-20 12:32:21</subfield>
			<subfield code="i">HJ2051 .A595</subfield>
			<subfield code="d">MAIN</subfield>
			<subfield code="f">MAIN</subfield>
		</datafield>
		<datafield ind1=" " ind2=" " tag="ITM">
			<subfield code="r">22318863960003811</subfield>
			<subfield code="b">1</subfield>
			<subfield code="h">0</subfield>
			<subfield code="g">stacks</subfield>
			<subfield code="t">ISSUE</subfield>
			<subfield code="9">39074021178363</subfield>
			<subfield code="e">stacks</subfield>
			<subfield code="8">23318863360003811</subfield>
			<subfield code="c">1969/1970</subfield>
			<subfield code="a">0</subfield>
			<subfield code="q">2017-06-20 12:32:21</subfield>
			<subfield code="i">HJ2051 .A595</subfield>
			<subfield code="d">MAIN</subfield>
			<subfield code="f">MAIN</subfield>
		</datafield>
		<datafield ind1=" " ind2=" " tag="ITM">
			<subfield code="r">22318863960003811</subfield>
			<subfield code="b">1</subfield>
			<subfield code="h">0</subfield>
			<subfield code="g">stacks</subfield>
			<subfield code="t">ISSUE</subfield>
			<subfield code="9">39074021178348</subfield>
			<subfield code="e">stacks</subfield>
			<subfield code="8">23318863380003811</subfield>
			<subfield code="c">1967/1968</subfield>
			<subfield code="a">0</subfield>
			<subfield code="q">2017-06-20 12:32:21</subfield>
			<subfield code="i">HJ2051 .A595</subfield>
			<subfield code="d">MAIN</subfield>
			<subfield code="f">MAIN</subfield>
		</datafield>
		<datafield ind1=" " ind2=" " tag="ITM">
			<subfield code="r">22318863960003811</subfield>
			<subfield code="b">1</subfield>
			<subfield code="h">0</subfield>
			<subfield code="g">stacks</subfield>
			<subfield code="t">ISSUE</subfield>
			<subfield code="9">39074021178462</subfield>
			<subfield code="e">stacks</subfield>
			<subfield code="8">23318863230003811</subfield>
			<subfield code="c">1981/1982</subfield>
			<subfield code="a">0</subfield>
			<subfield code="q">2017-06-20 12:32:21</subfield>
			<subfield code="i">HJ2051 .A595</subfield>
			<subfield code="d">MAIN</subfield>
			<subfield code="f">MAIN</subfield>
		</datafield>
		<datafield ind1=" " ind2=" " tag="ITM">
			<subfield code="r">22318863960003811</subfield>
			<subfield code="b">1</subfield>
			<subfield code="h">0</subfield>
			<subfield code="g">stacks</subfield>
			<subfield code="t">ISSUE</subfield>
			<subfield code="9">39074021178421</subfield>
			<subfield code="e">stacks</subfield>
			<subfield code="8">23318863270003811</subfield>
			<subfield code="c">1978/1979</subfield>
			<subfield code="a">0</subfield>
			<subfield code="q">2017-06-20 12:32:21</subfield>
			<subfield code="i">HJ2051 .A595</subfield>
			<subfield code="d">MAIN</subfield>
			<subfield code="f">MAIN</subfield>
		</datafield>
		<datafield ind1=" " ind2=" " tag="ITM">
			<subfield code="r">22318864040003811</subfield>
			<subfield code="b">1</subfield>
			<subfield code="h">0</subfield>
			<subfield code="g">stacks</subfield>
			<subfield code="t">ISSUE</subfield>
			<subfield code="9">39074015106149</subfield>
			<subfield code="e">stacks</subfield>
			<subfield code="8">23318863970003811</subfield>
			<subfield code="c">2001/02</subfield>
			<subfield code="a">12</subfield>
			<subfield code="q">2017-06-20 12:32:21</subfield>
			<subfield code="i">HJ2051 .A595</subfield>
			<subfield code="d">AMBLER</subfield>
			<subfield code="f">AMBLER</subfield>
		</datafield>
		<datafield ind1=" " ind2=" " tag="ITM">
			<subfield code="r">22318864040003811</subfield>
			<subfield code="b">1</subfield>
			<subfield code="h">0</subfield>
			<subfield code="g">stacks</subfield>
			<subfield code="t">ISSUE</subfield>
			<subfield code="9">39074011635562</subfield>
			<subfield code="e">stacks</subfield>
			<subfield code="8">23318863980003811</subfield>
			<subfield code="c">1999</subfield>
			<subfield code="a">12</subfield>
			<subfield code="q">2017-06-20 12:32:21</subfield>
			<subfield code="i">HJ2051 .A595</subfield>
			<subfield code="d">AMBLER</subfield>
			<subfield code="f">AMBLER</subfield>
		</datafield>
		<datafield ind1=" " ind2=" " tag="ITM">
			<subfield code="r">22318863960003811</subfield>
			<subfield code="b">1</subfield>
			<subfield code="h">0</subfield>
			<subfield code="g">stacks</subfield>
			<subfield code="t">ISSUE</subfield>
			<subfield code="9">39074008550055</subfield>
			<subfield code="e">stacks</subfield>
			<subfield code="8">23318863790003811</subfield>
			<subfield code="c">1992/93</subfield>
			<subfield code="a">12</subfield>
			<subfield code="q">2017-06-20 12:32:21</subfield>
			<subfield code="i">HJ2051 .A595</subfield>
			<subfield code="d">MAIN</subfield>
			<subfield code="f">MAIN</subfield>
		</datafield>
		<datafield ind1=" " ind2=" " tag="ITM">
			<subfield code="r">22318863960003811</subfield>
			<subfield code="b">1</subfield>
			<subfield code="h">0</subfield>
			<subfield code="g">stacks</subfield>
			<subfield code="t">ISSUE</subfield>
			<subfield code="9">39074028168862</subfield>
			<subfield code="e">stacks</subfield>
			<subfield code="8">23318863940003811</subfield>
			<subfield code="c">2014</subfield>
			<subfield code="a">12</subfield>
			<subfield code="q">2017-06-20 12:32:21</subfield>
			<subfield code="i">HJ2051 .A595</subfield>
			<subfield code="d">MAIN</subfield>
			<subfield code="f">MAIN</subfield>
		</datafield>
		<datafield ind1=" " ind2=" " tag="ITM">
			<subfield code="r">22318863960003811</subfield>
			<subfield code="b">1</subfield>
			<subfield code="h">0</subfield>
			<subfield code="g">stacks</subfield>
			<subfield code="t">ISSUE</subfield>
			<subfield code="9">39074013912811</subfield>
			<subfield code="e">stacks</subfield>
			<subfield code="8">23318863930003811</subfield>
			<subfield code="c">1999/2000</subfield>
			<subfield code="a">12</subfield>
			<subfield code="q">2017-06-20 12:32:21</subfield>
			<subfield code="i">HJ2051 .A595</subfield>
			<subfield code="d">MAIN</subfield>
			<subfield code="f">MAIN</subfield>
		</datafield>
		<datafield ind1=" " ind2=" " tag="ITM">
			<subfield code="r">22318863960003811</subfield>
			<subfield code="b">1</subfield>
			<subfield code="h">0</subfield>
			<subfield code="g">stacks</subfield>
			<subfield code="t">ISSUE</subfield>
			<subfield code="9">39074021178165</subfield>
			<subfield code="e">stacks</subfield>
			<subfield code="8">23318863570003811</subfield>
			<subfield code="c">1948/1949</subfield>
			<subfield code="a">0</subfield>
			<subfield code="q">2017-06-20 12:32:21</subfield>
			<subfield code="i">HJ2051 .A595</subfield>
			<subfield code="d">MAIN</subfield>
			<subfield code="f">MAIN</subfield>
		</datafield>
		<datafield ind1=" " ind2=" " tag="ITM">
			<subfield code="r">22318863960003811</subfield>
			<subfield code="b">1</subfield>
			<subfield code="h">0</subfield>
			<subfield code="g">stacks</subfield>
			<subfield code="t">ISSUE</subfield>
			<subfield code="9">39074021178330</subfield>
			<subfield code="e">stacks</subfield>
			<subfield code="8">23318863390003811</subfield>
			<subfield code="c">1966/1967</subfield>
			<subfield code="a">0</subfield>
			<subfield code="q">2017-06-20 12:32:21</subfield>
			<subfield code="i">HJ2051 .A595</subfield>
			<subfield code="d">MAIN</subfield>
			<subfield code="f">MAIN</subfield>
		</datafield>
		<datafield ind1=" " ind2=" " tag="ITM">
			<subfield code="r">22318863960003811</subfield>
			<subfield code="b">1</subfield>
			<subfield code="h">0</subfield>
			<subfield code="g">stacks</subfield>
			<subfield code="t">ISSUE</subfield>
			<subfield code="9">39074010108322</subfield>
			<subfield code="e">stacks</subfield>
			<subfield code="8">23318863760003811</subfield>
			<subfield code="c">1995/96</subfield>
			<subfield code="a">12</subfield>
			<subfield code="q">2017-06-20 12:32:21</subfield>
			<subfield code="i">HJ2051 .A595</subfield>
			<subfield code="d">MAIN</subfield>
			<subfield code="f">MAIN</subfield>
		</datafield>
		<datafield ind1=" " ind2=" " tag="ITM">
			<subfield code="r">22318863960003811</subfield>
			<subfield code="b">1</subfield>
			<subfield code="h">0</subfield>
			<subfield code="g">stacks</subfield>
			<subfield code="t">ISSUE</subfield>
			<subfield code="9">39074011009198</subfield>
			<subfield code="e">stacks</subfield>
			<subfield code="8">23318863750003811</subfield>
			<subfield code="c">1996/97</subfield>
			<subfield code="a">12</subfield>
			<subfield code="q">2017-06-20 12:32:21</subfield>
			<subfield code="i">HJ2051 .A595</subfield>
			<subfield code="d">MAIN</subfield>
			<subfield code="f">MAIN</subfield>
		</datafield>
		<datafield ind1=" " ind2=" " tag="ITM">
			<subfield code="r">22318863960003811</subfield>
			<subfield code="b">1</subfield>
			<subfield code="h">0</subfield>
			<subfield code="g">stacks</subfield>
			<subfield code="t">ISSUE</subfield>
			<subfield code="9">39074016604837</subfield>
			<subfield code="e">stacks</subfield>
			<subfield code="8">23318863710003811</subfield>
			<subfield code="c">2010/11</subfield>
			<subfield code="a">12</subfield>
			<subfield code="q">2017-06-20 12:32:21</subfield>
			<subfield code="i">HJ2051 .A595</subfield>
			<subfield code="d">MAIN</subfield>
			<subfield code="f">MAIN</subfield>
		</datafield>
		<datafield ind1=" " ind2=" " tag="ITM">
			<subfield code="r">22318863960003811</subfield>
			<subfield code="b">1</subfield>
			<subfield code="h">0</subfield>
			<subfield code="g">stacks</subfield>
			<subfield code="t">ISSUE</subfield>
			<subfield code="9">39074011675592</subfield>
			<subfield code="e">stacks</subfield>
			<subfield code="8">23318863720003811</subfield>
			<subfield code="c">1999</subfield>
			<subfield code="a">12</subfield>
			<subfield code="q">2017-06-20 12:32:21</subfield>
			<subfield code="i">HJ2051 .A595</subfield>
			<subfield code="d">MAIN</subfield>
			<subfield code="f">MAIN</subfield>
		</datafield>
		<datafield ind1=" " ind2=" " tag="ITM">
			<subfield code="r">22318863960003811</subfield>
			<subfield code="b">1</subfield>
			<subfield code="h">0</subfield>
			<subfield code="g">stacks</subfield>
			<subfield code="t">ISSUE</subfield>
			<subfield code="9">39074021178298</subfield>
			<subfield code="e">stacks</subfield>
			<subfield code="8">23318863530003811</subfield>
			<subfield code="c">1952/1953</subfield>
			<subfield code="a">0</subfield>
			<subfield code="q">2017-06-20 12:32:21</subfield>
			<subfield code="i">HJ2051 .A595</subfield>
			<subfield code="d">MAIN</subfield>
			<subfield code="f">MAIN</subfield>
		</datafield>
		<datafield ind1=" " ind2=" " tag="ITM">
			<subfield code="r">22318863960003811</subfield>
			<subfield code="b">1</subfield>
			<subfield code="h">0</subfield>
			<subfield code="g">stacks</subfield>
			<subfield code="t">ISSUE</subfield>
			<subfield code="9">39074021178306</subfield>
			<subfield code="e">stacks</subfield>
			<subfield code="8">23318863540003811</subfield>
			<subfield code="c">1951/1952</subfield>
			<subfield code="a">0</subfield>
			<subfield code="q">2017-06-20 12:32:21</subfield>
			<subfield code="i">HJ2051 .A595</subfield>
			<subfield code="d">MAIN</subfield>
			<subfield code="f">MAIN</subfield>
		</datafield>
		<datafield ind1=" " ind2=" " tag="ITM">
			<subfield code="r">22318863960003811</subfield>
			<subfield code="b">1</subfield>
			<subfield code="h">0</subfield>
			<subfield code="g">stacks</subfield>
			<subfield code="t">ISSUE</subfield>
			<subfield code="9">39074021178157</subfield>
			<subfield code="e">stacks</subfield>
			<subfield code="8">23318863580003811</subfield>
			<subfield code="c">1947/1948</subfield>
			<subfield code="a">0</subfield>
			<subfield code="q">2017-06-20 12:32:21</subfield>
			<subfield code="i">HJ2051 .A595</subfield>
			<subfield code="d">MAIN</subfield>
			<subfield code="f">MAIN</subfield>
		</datafield>
		<datafield ind1=" " ind2=" " tag="ITM">
			<subfield code="r">22318863960003811</subfield>
			<subfield code="b">1</subfield>
			<subfield code="h">0</subfield>
			<subfield code="g">stacks</subfield>
			<subfield code="t">ISSUE</subfield>
			<subfield code="9">39074026999102</subfield>
			<subfield code="e">stacks</subfield>
			<subfield code="8">23415017710003811</subfield>
			<subfield code="c">2016</subfield>
			<subfield code="a">0</subfield>
			<subfield code="q">2018-03-27 21:20:43</subfield>
			<subfield code="i">HJ2051 .A595</subfield>
			<subfield code="d">MAIN</subfield>
			<subfield code="f">MAIN</subfield>
		</datafield>
		<datafield ind1=" " ind2=" " tag="ITM">
			<subfield code="r">22318863960003811</subfield>
			<subfield code="b">1</subfield>
			<subfield code="h">0</subfield>
			<subfield code="g">stacks</subfield>
			<subfield code="t">ISSUE</subfield>
			<subfield code="9">39074021178447</subfield>
			<subfield code="e">stacks</subfield>
			<subfield code="8">23318863240003811</subfield>
			<subfield code="c">1981/1982</subfield>
			<subfield code="a">0</subfield>
			<subfield code="q">2017-06-20 12:32:21</subfield>
			<subfield code="i">HJ2051 .A595</subfield>
			<subfield code="d">MAIN</subfield>
			<subfield code="f">MAIN</subfield>
		</datafield>
		<datafield ind1=" " ind2=" " tag="ITM">
			<subfield code="r">22318863960003811</subfield>
			<subfield code="b">1</subfield>
			<subfield code="h">0</subfield>
			<subfield code="g">stacks</subfield>
			<subfield code="t">ISSUE</subfield>
			<subfield code="9">39074021178561</subfield>
			<subfield code="e">stacks</subfield>
			<subfield code="8">23318863170003811</subfield>
			<subfield code="c">1985/1986</subfield>
			<subfield code="a">0</subfield>
			<subfield code="q">2017-06-20 12:32:21</subfield>
			<subfield code="i">HJ2051 .A595</subfield>
			<subfield code="d">MAIN</subfield>
			<subfield code="f">MAIN</subfield>
		</datafield>
		<datafield ind1=" " ind2=" " tag="ITM">
			<subfield code="r">22318863960003811</subfield>
			<subfield code="b">1</subfield>
			<subfield code="h">0</subfield>
			<subfield code="g">stacks</subfield>
			<subfield code="t">ISSUE</subfield>
			<subfield code="9">39074026999458</subfield>
			<subfield code="e">stacks</subfield>
			<subfield code="8">23318863130003811</subfield>
			<subfield code="c">2018 Blueprt</subfield>
			<subfield code="a">0</subfield>
			<subfield code="q">2017-06-20 12:32:21</subfield>
			<subfield code="i">HJ2051 .A595</subfield>
			<subfield code="d">MAIN</subfield>
			<subfield code="f">MAIN</subfield>
		</datafield>
		<datafield ind1=" " ind2=" " tag="ITM">
			<subfield code="r">22318863960003811</subfield>
			<subfield code="b">1</subfield>
			<subfield code="h">0</subfield>
			<subfield code="g">stacks</subfield>
			<subfield code="t">ISSUE</subfield>
			<subfield code="9">39074021178389</subfield>
			<subfield code="e">stacks</subfield>
			<subfield code="8">23318863420003811</subfield>
			<subfield code="c">1963/1964</subfield>
			<subfield code="a">0</subfield>
			<subfield code="q">2017-06-20 12:32:21</subfield>
			<subfield code="i">HJ2051 .A595</subfield>
			<subfield code="d">MAIN</subfield>
			<subfield code="f">MAIN</subfield>
		</datafield>
		<datafield ind1=" " ind2=" " tag="ITM">
			<subfield code="r">22318863960003811</subfield>
			<subfield code="b">1</subfield>
			<subfield code="h">0</subfield>
			<subfield code="g">stacks</subfield>
			<subfield code="t">ISSUE</subfield>
			<subfield code="9">39074021178413</subfield>
			<subfield code="e">stacks</subfield>
			<subfield code="8">23318863280003811</subfield>
			<subfield code="c">1977/1978</subfield>
			<subfield code="a">0</subfield>
			<subfield code="q">2017-06-20 12:32:21</subfield>
			<subfield code="i">HJ2051 .A595</subfield>
			<subfield code="d">MAIN</subfield>
			<subfield code="f">MAIN</subfield>
		</datafield>
		<datafield ind1=" " ind2=" " tag="ITM">
			<subfield code="r">22318863960003811</subfield>
			<subfield code="b">1</subfield>
			<subfield code="h">0</subfield>
			<subfield code="g">stacks</subfield>
			<subfield code="t">ISSUE</subfield>
			<subfield code="9">39074021178579</subfield>
			<subfield code="e">stacks</subfield>
			<subfield code="8">23318863200003811</subfield>
			<subfield code="c">1983/1982</subfield>
			<subfield code="a">0</subfield>
			<subfield code="q">2017-06-20 12:32:21</subfield>
			<subfield code="i">HJ2051 .A595</subfield>
			<subfield code="d">MAIN</subfield>
			<subfield code="f">MAIN</subfield>
		</datafield>
		<datafield ind1=" " ind2=" " tag="ITM">
			<subfield code="r">22318863960003811</subfield>
			<subfield code="b">1</subfield>
			<subfield code="h">0</subfield>
			<subfield code="g">stacks</subfield>
			<subfield code="t">ISSUE</subfield>
			<subfield code="9">39074021178488</subfield>
			<subfield code="e">stacks</subfield>
			<subfield code="8">23318863310003811</subfield>
			<subfield code="c">1974/1975</subfield>
			<subfield code="a">0</subfield>
			<subfield code="q">2017-06-20 12:32:21</subfield>
			<subfield code="i">HJ2051 .A595</subfield>
			<subfield code="d">MAIN</subfield>
			<subfield code="f">MAIN</subfield>
		</datafield>
		<datafield ind1=" " ind2=" " tag="ITM">
			<subfield code="r">22318863960003811</subfield>
			<subfield code="b">1</subfield>
			<subfield code="h">0</subfield>
			<subfield code="g">stacks</subfield>
			<subfield code="t">ISSUE</subfield>
			<subfield code="9">39074021178371</subfield>
			<subfield code="e">stacks</subfield>
			<subfield code="8">23318863350003811</subfield>
			<subfield code="c">1970/1971</subfield>
			<subfield code="a">0</subfield>
			<subfield code="q">2017-06-20 12:32:21</subfield>
			<subfield code="i">HJ2051 .A595</subfield>
			<subfield code="d">MAIN</subfield>
			<subfield code="f">MAIN</subfield>
		</datafield>
		<datafield ind1=" " ind2=" " tag="ITM">
			<subfield code="r">22318863960003811</subfield>
			<subfield code="b">1</subfield>
			<subfield code="h">0</subfield>
			<subfield code="g">stacks</subfield>
			<subfield code="t">ISSUE</subfield>
			<subfield code="9">39074005122890</subfield>
			<subfield code="e">stacks</subfield>
			<subfield code="8">23318863900003811</subfield>
			<subfield code="c">1987/88</subfield>
			<subfield code="a">12</subfield>
			<subfield code="q">2017-06-20 12:32:21</subfield>
			<subfield code="i">HJ2051 .A595</subfield>
			<subfield code="d">MAIN</subfield>
			<subfield code="f">MAIN</subfield>
		</datafield>
		<datafield ind1=" " ind2=" " tag="ITM">
			<subfield code="r">22318863960003811</subfield>
			<subfield code="b">1</subfield>
			<subfield code="h">0</subfield>
			<subfield code="g">stacks</subfield>
			<subfield code="t">ISSUE</subfield>
			<subfield code="9">39074029800315</subfield>
			<subfield code="e">stacks</subfield>
			<subfield code="8">23426258920003811</subfield>
			<subfield code="c">2018</subfield>
			<subfield code="a">0</subfield>
			<subfield code="q">2018-05-09 21:05:08</subfield>
			<subfield code="i">HJ2051 .A595</subfield>
			<subfield code="d">MAIN</subfield>
			<subfield code="f">MAIN</subfield>
		</datafield>
		<datafield ind1=" " ind2=" " tag="ITM">
			<subfield code="r">22318864040003811</subfield>
			<subfield code="b">1</subfield>
			<subfield code="h">0</subfield>
			<subfield code="g">stacks</subfield>
			<subfield code="t">ISSUE</subfield>
			<subfield code="9">39074015995129</subfield>
			<subfield code="e">stacks</subfield>
			<subfield code="8">23318864030003811</subfield>
			<subfield code="c">2000/01</subfield>
			<subfield code="a">12</subfield>
			<subfield code="q">2017-06-20 12:32:21</subfield>
			<subfield code="i">HJ2051 .A595</subfield>
			<subfield code="d">AMBLER</subfield>
			<subfield code="f">AMBLER</subfield>
		</datafield>
		<datafield ind1=" " ind2=" " tag="ITM">
			<subfield code="r">22318864040003811</subfield>
			<subfield code="b">1</subfield>
			<subfield code="h">0</subfield>
			<subfield code="g">stacks</subfield>
			<subfield code="t">ISSUE</subfield>
			<subfield code="9">39074008263121</subfield>
			<subfield code="e">stacks</subfield>
			<subfield code="8">23318864020003811</subfield>
			<subfield code="c">1993/94</subfield>
			<subfield code="a">12</subfield>
			<subfield code="q">2017-06-20 12:32:21</subfield>
			<subfield code="i">HJ2051 .A595</subfield>
			<subfield code="d">AMBLER</subfield>
			<subfield code="f">AMBLER</subfield>
		</datafield>
		<datafield ind1=" " ind2=" " tag="ITM">
			<subfield code="r">22318864040003811</subfield>
			<subfield code="b">1</subfield>
			<subfield code="h">0</subfield>
			<subfield code="g">stacks</subfield>
			<subfield code="t">ISSUE</subfield>
			<subfield code="9">39074011050739</subfield>
			<subfield code="e">stacks</subfield>
			<subfield code="8">23318864010003811</subfield>
			<subfield code="c">1996/97</subfield>
			<subfield code="a">12</subfield>
			<subfield code="q">2017-06-20 12:32:21</subfield>
			<subfield code="i">HJ2051 .A595</subfield>
			<subfield code="d">AMBLER</subfield>
			<subfield code="f">AMBLER</subfield>
		</datafield>
		<datafield ind1=" " ind2=" " tag="ITM">
			<subfield code="r">22318863960003811</subfield>
			<subfield code="b">1</subfield>
			<subfield code="h">0</subfield>
			<subfield code="g">stacks</subfield>
			<subfield code="t">ISSUE</subfield>
			<subfield code="9">39074005264387</subfield>
			<subfield code="e">stacks</subfield>
			<subfield code="8">23318863860003811</subfield>
			<subfield code="c">1983/84</subfield>
			<subfield code="a">12</subfield>
			<subfield code="q">2017-06-20 12:32:21</subfield>
			<subfield code="i">HJ2051 .A595</subfield>
			<subfield code="d">MAIN</subfield>
			<subfield code="f">MAIN</subfield>
		</datafield>
		<datafield ind1=" " ind2=" " tag="ITM">
			<subfield code="r">22318864040003811</subfield>
			<subfield code="b">1</subfield>
			<subfield code="h">0</subfield>
			<subfield code="g">stacks</subfield>
			<subfield code="t">ISSUE</subfield>
			<subfield code="9">39074010753275</subfield>
			<subfield code="e">stacks</subfield>
			<subfield code="8">23318864000003811</subfield>
			<subfield code="c">1997/98</subfield>
			<subfield code="a">12</subfield>
			<subfield code="q">2017-06-20 12:32:21</subfield>
			<subfield code="i">HJ2051 .A595</subfield>
			<subfield code="d">AMBLER</subfield>
			<subfield code="f">AMBLER</subfield>
		</datafield>
		<datafield ind1=" " ind2=" " tag="ITM">
			<subfield code="r">22318863960003811</subfield>
			<subfield code="b">1</subfield>
			<subfield code="h">0</subfield>
			<subfield code="g">stacks</subfield>
			<subfield code="t">ISSUE</subfield>
			<subfield code="9">39074005257662</subfield>
			<subfield code="e">stacks</subfield>
			<subfield code="8">23318863880003811</subfield>
			<subfield code="c">1984/85</subfield>
			<subfield code="a">12</subfield>
			<subfield code="q">2017-06-20 12:32:21</subfield>
			<subfield code="i">HJ2051 .A595</subfield>
			<subfield code="d">MAIN</subfield>
			<subfield code="f">MAIN</subfield>
		</datafield>
		<datafield ind1=" " ind2=" " tag="ITM">
			<subfield code="r">22318863960003811</subfield>
			<subfield code="b">1</subfield>
			<subfield code="h">0</subfield>
			<subfield code="g">stacks</subfield>
			<subfield code="t">ISSUE</subfield>
			<subfield code="9">39074007846298</subfield>
			<subfield code="e">stacks</subfield>
			<subfield code="8">23318863840003811</subfield>
			<subfield code="c">1992</subfield>
			<subfield code="a">12</subfield>
			<subfield code="q">2017-06-20 12:32:21</subfield>
			<subfield code="i">HJ2051 .A595</subfield>
			<subfield code="d">MAIN</subfield>
			<subfield code="f">MAIN</subfield>
		</datafield>
		<datafield ind1=" " ind2=" " tag="ITM">
			<subfield code="r">22318863960003811</subfield>
			<subfield code="b">1</subfield>
			<subfield code="h">0</subfield>
			<subfield code="g">stacks</subfield>
			<subfield code="t">ISSUE</subfield>
			<subfield code="9">39074006704506</subfield>
			<subfield code="e">stacks</subfield>
			<subfield code="8">23318863850003811</subfield>
			<subfield code="c">1989/90</subfield>
			<subfield code="a">12</subfield>
			<subfield code="q">2017-06-20 12:32:21</subfield>
			<subfield code="i">HJ2051 .A595</subfield>
			<subfield code="d">MAIN</subfield>
			<subfield code="f">MAIN</subfield>
		</datafield>
		<datafield ind1=" " ind2=" " tag="ITM">
			<subfield code="r">22318863960003811</subfield>
			<subfield code="b">1</subfield>
			<subfield code="h">0</subfield>
			<subfield code="g">stacks</subfield>
			<subfield code="t">ISSUE</subfield>
			<subfield code="9">39074005254230</subfield>
			<subfield code="e">stacks</subfield>
			<subfield code="8">23318863870003811</subfield>
			<subfield code="c">1985/86</subfield>
			<subfield code="a">12</subfield>
			<subfield code="q">2017-06-20 12:32:21</subfield>
			<subfield code="i">HJ2051 .A595</subfield>
			<subfield code="d">MAIN</subfield>
			<subfield code="f">MAIN</subfield>
		</datafield>
		<datafield ind1=" " ind2=" " tag="ITM">
			<subfield code="r">22318863960003811</subfield>
			<subfield code="b">1</subfield>
			<subfield code="h">0</subfield>
			<subfield code="g">stacks</subfield>
			<subfield code="t">ISSUE</subfield>
			<subfield code="9">39074005917752</subfield>
			<subfield code="e">stacks</subfield>
			<subfield code="8">23318863890003811</subfield>
			<subfield code="c">1988/89</subfield>
			<subfield code="a">12</subfield>
			<subfield code="q">2017-06-20 12:32:21</subfield>
			<subfield code="i">HJ2051 .A595</subfield>
			<subfield code="d">MAIN</subfield>
			<subfield code="f">MAIN</subfield>
		</datafield>
		<datafield ind1=" " ind2=" " tag="ITM">
			<subfield code="r">22318863960003811</subfield>
			<subfield code="b">1</subfield>
			<subfield code="h">0</subfield>
			<subfield code="g">stacks</subfield>
			<subfield code="t">ISSUE</subfield>
			<subfield code="9">39074021178553</subfield>
			<subfield code="e">stacks</subfield>
			<subfield code="8">23318863490003811</subfield>
			<subfield code="c">1956/1957</subfield>
			<subfield code="a">0</subfield>
			<subfield code="q">2017-06-20 12:32:21</subfield>
			<subfield code="i">HJ2051 .A595</subfield>
			<subfield code="d">MAIN</subfield>
			<subfield code="f">MAIN</subfield>
		</datafield>
		<datafield ind1=" " ind2=" " tag="ITM">
			<subfield code="r">22318863960003811</subfield>
			<subfield code="b">1</subfield>
			<subfield code="h">0</subfield>
			<subfield code="g">stacks</subfield>
			<subfield code="t">ISSUE</subfield>
			<subfield code="9">39074007484496</subfield>
			<subfield code="e">stacks</subfield>
			<subfield code="8">23318863820003811</subfield>
			<subfield code="c">1991</subfield>
			<subfield code="a">12</subfield>
			<subfield code="q">2017-06-20 12:32:21</subfield>
			<subfield code="i">HJ2051 .A595</subfield>
			<subfield code="d">MAIN</subfield>
			<subfield code="f">MAIN</subfield>
		</datafield>
		<datafield ind1=" " ind2=" " tag="ITM">
			<subfield code="r">22318863960003811</subfield>
			<subfield code="b">1</subfield>
			<subfield code="h">0</subfield>
			<subfield code="g">stacks</subfield>
			<subfield code="t">ISSUE</subfield>
			<subfield code="9">39074007273030</subfield>
			<subfield code="e">stacks</subfield>
			<subfield code="8">23318863830003811</subfield>
			<subfield code="c">1990/91</subfield>
			<subfield code="a">12</subfield>
			<subfield code="q">2017-06-20 12:32:21</subfield>
			<subfield code="i">HJ2051 .A595</subfield>
			<subfield code="d">MAIN</subfield>
			<subfield code="f">MAIN</subfield>
		</datafield>
		<datafield ind1=" " ind2=" " tag="ITM">
			<subfield code="r">22318863960003811</subfield>
			<subfield code="b">1</subfield>
			<subfield code="h">0</subfield>
			<subfield code="g">stacks</subfield>
			<subfield code="t">ISSUE</subfield>
			<subfield code="9">39074021178249</subfield>
			<subfield code="e">stacks</subfield>
			<subfield code="8">23318863470003811</subfield>
			<subfield code="c">1958/1959</subfield>
			<subfield code="a">0</subfield>
			<subfield code="q">2017-06-20 12:32:21</subfield>
			<subfield code="i">HJ2051 .A595</subfield>
			<subfield code="d">MAIN</subfield>
			<subfield code="f">MAIN</subfield>
		</datafield>
		<datafield ind1=" " ind2=" " tag="ITM">
			<subfield code="r">22318863960003811</subfield>
			<subfield code="b">1</subfield>
			<subfield code="h">0</subfield>
			<subfield code="g">stacks</subfield>
			<subfield code="t">ISSUE</subfield>
			<subfield code="9">39074021178256</subfield>
			<subfield code="e">stacks</subfield>
			<subfield code="8">23318863460003811</subfield>
			<subfield code="c">1959/1960</subfield>
			<subfield code="a">0</subfield>
			<subfield code="q">2017-06-20 12:32:21</subfield>
			<subfield code="i">HJ2051 .A595</subfield>
			<subfield code="d">MAIN</subfield>
			<subfield code="f">MAIN</subfield>
		</datafield>
		<datafield ind1=" " ind2=" " tag="ITM">
			<subfield code="r">22318863960003811</subfield>
			<subfield code="b">1</subfield>
			<subfield code="h">0</subfield>
			<subfield code="g">stacks</subfield>
			<subfield code="t">ISSUE</subfield>
			<subfield code="9">39074021178231</subfield>
			<subfield code="e">stacks</subfield>
			<subfield code="8">23318863480003811</subfield>
			<subfield code="c">1957/1958</subfield>
			<subfield code="a">0</subfield>
			<subfield code="q">2017-06-20 12:32:21</subfield>
			<subfield code="i">HJ2051 .A595</subfield>
			<subfield code="d">MAIN</subfield>
			<subfield code="f">MAIN</subfield>
		</datafield>
		<datafield ind1=" " ind2=" " tag="ITM">
			<subfield code="r">22318863960003811</subfield>
			<subfield code="b">1</subfield>
			<subfield code="h">0</subfield>
			<subfield code="g">stacks</subfield>
			<subfield code="t">ISSUE</subfield>
			<subfield code="9">39074021178264</subfield>
			<subfield code="e">stacks</subfield>
			<subfield code="8">23318863450003811</subfield>
			<subfield code="c">1960/1961</subfield>
			<subfield code="a">0</subfield>
			<subfield code="q">2017-06-20 12:32:21</subfield>
			<subfield code="i">HJ2051 .A595</subfield>
			<subfield code="d">MAIN</subfield>
			<subfield code="f">MAIN</subfield>
		</datafield>
		<datafield ind1=" " ind2=" " tag="ITM">
			<subfield code="r">22318863960003811</subfield>
			<subfield code="b">1</subfield>
			<subfield code="h">0</subfield>
			<subfield code="g">stacks</subfield>
			<subfield code="t">ISSUE</subfield>
			<subfield code="9">39074021179320</subfield>
			<subfield code="e">stacks</subfield>
			<subfield code="8">23318863160003811</subfield>
			<subfield code="c">1972/1973</subfield>
			<subfield code="a">0</subfield>
			<subfield code="q">2017-06-20 12:32:21</subfield>
			<subfield code="i">HJ2051 .A595</subfield>
			<subfield code="d">MAIN</subfield>
			<subfield code="f">MAIN</subfield>
		</datafield>
		<datafield ind1=" " ind2=" " tag="ITM">
			<subfield code="r">22318863960003811</subfield>
			<subfield code="b">1</subfield>
			<subfield code="h">0</subfield>
			<subfield code="g">stacks</subfield>
			<subfield code="t">ISSUE</subfield>
			<subfield code="9">39074021178223</subfield>
			<subfield code="e">stacks</subfield>
			<subfield code="8">23318863500003811</subfield>
			<subfield code="c">1955/1956</subfield>
			<subfield code="a">0</subfield>
			<subfield code="q">2017-06-20 12:32:21</subfield>
			<subfield code="i">HJ2051 .A595</subfield>
			<subfield code="d">MAIN</subfield>
			<subfield code="f">MAIN</subfield>
		</datafield>
		<datafield ind1=" " ind2=" " tag="ITM">
			<subfield code="r">22318863960003811</subfield>
			<subfield code="b">1</subfield>
			<subfield code="h">0</subfield>
			<subfield code="g">stacks</subfield>
			<subfield code="t">ISSUE</subfield>
			<subfield code="9">39074028166759</subfield>
			<subfield code="e">stacks</subfield>
			<subfield code="8">23318863070003811</subfield>
			<subfield code="c">2013</subfield>
			<subfield code="a">12</subfield>
			<subfield code="q">2017-06-20 12:32:21</subfield>
			<subfield code="i">HJ2051 .A595</subfield>
			<subfield code="d">MAIN</subfield>
			<subfield code="f">MAIN</subfield>
		</datafield>
		<datafield ind1=" " ind2=" " tag="ITM">
			<subfield code="r">22318863960003811</subfield>
			<subfield code="b">1</subfield>
			<subfield code="h">0</subfield>
			<subfield code="g">stacks</subfield>
			<subfield code="t">ISSUE</subfield>
			<subfield code="9">39074016421299</subfield>
			<subfield code="e">stacks</subfield>
			<subfield code="8">23318863090003811</subfield>
			<subfield code="c">2004/05</subfield>
			<subfield code="a">12</subfield>
			<subfield code="q">2017-06-20 12:32:21</subfield>
			<subfield code="i">HJ2051 .A595</subfield>
			<subfield code="d">MAIN</subfield>
			<subfield code="f">MAIN</subfield>
		</datafield>
		<datafield ind1=" " ind2=" " tag="ITM">
			<subfield code="r">22318863960003811</subfield>
			<subfield code="b">1</subfield>
			<subfield code="h">0</subfield>
			<subfield code="g">stacks</subfield>
			<subfield code="t">ISSUE</subfield>
			<subfield code="9">39074021178546</subfield>
			<subfield code="e">stacks</subfield>
			<subfield code="8">23318863180003811</subfield>
			<subfield code="c">1984</subfield>
			<subfield code="a">0</subfield>
			<subfield code="q">2017-06-20 12:32:21</subfield>
			<subfield code="i">HJ2051 .A595</subfield>
			<subfield code="d">MAIN</subfield>
			<subfield code="f">MAIN</subfield>
		</datafield>
		<datafield ind1=" " ind2=" " tag="ITM">
			<subfield code="r">22318863960003811</subfield>
			<subfield code="b">1</subfield>
			<subfield code="h">0</subfield>
			<subfield code="g">stacks</subfield>
			<subfield code="t">ISSUE</subfield>
			<subfield code="9">39074014955678</subfield>
			<subfield code="e">stacks</subfield>
			<subfield code="8">23318863140003811</subfield>
			<subfield code="c">2002/03</subfield>
			<subfield code="a">12</subfield>
			<subfield code="q">2017-06-20 12:32:21</subfield>
			<subfield code="i">HJ2051 .A595</subfield>
			<subfield code="d">MAIN</subfield>
			<subfield code="f">MAIN</subfield>
		</datafield>
		<datafield ind1=" " ind2=" " tag="ITM">
			<subfield code="r">22318863960003811</subfield>
			<subfield code="b">1</subfield>
			<subfield code="h">0</subfield>
			<subfield code="g">stacks</subfield>
			<subfield code="t">ISSUE</subfield>
			<subfield code="9">39074021178314</subfield>
			<subfield code="e">stacks</subfield>
			<subfield code="8">23318863410003811</subfield>
			<subfield code="c">1964/1965</subfield>
			<subfield code="a">0</subfield>
			<subfield code="q">2017-06-20 12:32:21</subfield>
			<subfield code="i">HJ2051 .A595</subfield>
			<subfield code="d">MAIN</subfield>
			<subfield code="f">MAIN</subfield>
		</datafield>
		<datafield ind1=" " ind2=" " tag="ITM">
			<subfield code="r">22318863960003811</subfield>
			<subfield code="b">1</subfield>
			<subfield code="h">0</subfield>
			<subfield code="g">stacks</subfield>
			<subfield code="t">ISSUE</subfield>
			<subfield code="9">39074021178272</subfield>
			<subfield code="e">stacks</subfield>
			<subfield code="8">23318863430003811</subfield>
			<subfield code="c">1962/1963</subfield>
			<subfield code="a">0</subfield>
			<subfield code="q">2017-06-20 12:32:21</subfield>
			<subfield code="i">HJ2051 .A595</subfield>
			<subfield code="d">MAIN</subfield>
			<subfield code="f">MAIN</subfield>
		</datafield>
		<datafield ind1=" " ind2=" " tag="ITM">
			<subfield code="r">22318863960003811</subfield>
			<subfield code="b">1</subfield>
			<subfield code="h">0</subfield>
			<subfield code="g">stacks</subfield>
			<subfield code="t">ISSUE</subfield>
			<subfield code="9">39074007858327</subfield>
			<subfield code="e">stacks</subfield>
			<subfield code="8">23318863800003811</subfield>
			<subfield code="c">1991/92</subfield>
			<subfield code="a">12</subfield>
			<subfield code="q">2017-06-20 12:32:21</subfield>
			<subfield code="i">HJ2051 .A595</subfield>
			<subfield code="d">MAIN</subfield>
			<subfield code="f">MAIN</subfield>
		</datafield>
		<datafield ind1=" " ind2=" " tag="ITM">
			<subfield code="r">22318863960003811</subfield>
			<subfield code="b">1</subfield>
			<subfield code="h">0</subfield>
			<subfield code="g">stacks</subfield>
			<subfield code="t">ISSUE</subfield>
			<subfield code="9">39074004860789</subfield>
			<subfield code="e">stacks</subfield>
			<subfield code="8">23318863910003811</subfield>
			<subfield code="c">1986/87</subfield>
			<subfield code="a">12</subfield>
			<subfield code="q">2017-06-20 12:32:21</subfield>
			<subfield code="i">HJ2051 .A595</subfield>
			<subfield code="d">MAIN</subfield>
			<subfield code="f">MAIN</subfield>
		</datafield>
		<datafield ind1=" " ind2=" " tag="ITM">
			<subfield code="r">22318863960003811</subfield>
			<subfield code="b">1</subfield>
			<subfield code="h">0</subfield>
			<subfield code="g">stacks</subfield>
			<subfield code="t">ISSUE</subfield>
			<subfield code="9">39074022164396</subfield>
			<subfield code="e">stacks</subfield>
			<subfield code="8">23318863100003811</subfield>
			<subfield code="c">2007/08</subfield>
			<subfield code="a">12</subfield>
			<subfield code="q">2017-06-20 12:32:21</subfield>
			<subfield code="i">HJ2051 .A595</subfield>
			<subfield code="d">MAIN</subfield>
			<subfield code="f">MAIN</subfield>
		</datafield>
		<datafield ind1=" " ind2=" " tag="ITM">
			<subfield code="r">22318863960003811</subfield>
			<subfield code="b">1</subfield>
			<subfield code="h">0</subfield>
			<subfield code="g">stacks</subfield>
			<subfield code="t">ISSUE</subfield>
			<subfield code="9">39074026999748</subfield>
			<subfield code="e">stacks</subfield>
			<subfield code="8">23318863120003811</subfield>
			<subfield code="c">2017</subfield>
			<subfield code="a">0</subfield>
			<subfield code="q">2017-06-20 12:32:21</subfield>
			<subfield code="i">HJ2051 .A595</subfield>
			<subfield code="d">MAIN</subfield>
			<subfield code="f">MAIN</subfield>
		</datafield>
		<datafield ind1=" " ind2=" " tag="ITM">
			<subfield code="r">22318863960003811</subfield>
			<subfield code="b">1</subfield>
			<subfield code="h">0</subfield>
			<subfield code="g">stacks</subfield>
			<subfield code="t">ISSUE</subfield>
			<subfield code="9">39074027497411</subfield>
			<subfield code="e">stacks</subfield>
			<subfield code="8">23318863050003811</subfield>
			<subfield code="c">2012</subfield>
			<subfield code="a">0</subfield>
			<subfield code="q">2017-06-20 12:32:21</subfield>
			<subfield code="i">HJ2051 .A595</subfield>
			<subfield code="d">MAIN</subfield>
			<subfield code="f">MAIN</subfield>
		</datafield>
		<datafield ind1=" " ind2=" " tag="ITM">
			<subfield code="r">22318864040003811</subfield>
			<subfield code="b">1</subfield>
			<subfield code="h">0</subfield>
			<subfield code="g">stacks</subfield>
			<subfield code="t">ISSUE</subfield>
			<subfield code="9">39074011635612</subfield>
			<subfield code="e">stacks</subfield>
			<subfield code="8">23318863990003811</subfield>
			<subfield code="c">1999</subfield>
			<subfield code="a">12</subfield>
			<subfield code="q">2017-06-20 12:32:21</subfield>
			<subfield code="i">HJ2051 .A595</subfield>
			<subfield code="d">AMBLER</subfield>
			<subfield code="f">AMBLER</subfield>
		</datafield>
		<datafield ind1=" " ind2=" " tag="ITM">
			<subfield code="r">22318863960003811</subfield>
			<subfield code="b">1</subfield>
			<subfield code="h">0</subfield>
			<subfield code="g">stacks</subfield>
			<subfield code="t">ISSUE</subfield>
			<subfield code="9">39074008312068</subfield>
			<subfield code="e">stacks</subfield>
			<subfield code="8">23318863780003811</subfield>
			<subfield code="c">1993/94</subfield>
			<subfield code="a">12</subfield>
			<subfield code="q">2017-06-20 12:32:21</subfield>
			<subfield code="i">HJ2051 .A595</subfield>
			<subfield code="d">MAIN</subfield>
			<subfield code="f">MAIN</subfield>
		</datafield>
		<datafield ind1=" " ind2=" " tag="ITM">
			<subfield code="r">22318863960003811</subfield>
			<subfield code="b">1</subfield>
			<subfield code="h">0</subfield>
			<subfield code="g">stacks</subfield>
			<subfield code="t">ISSUE</subfield>
			<subfield code="9">39074028168813</subfield>
			<subfield code="e">stacks</subfield>
			<subfield code="8">23318863950003811</subfield>
			<subfield code="c">2015</subfield>
			<subfield code="a">12</subfield>
			<subfield code="q">2017-06-20 12:32:21</subfield>
			<subfield code="i">HJ2051 .A595</subfield>
			<subfield code="d">MAIN</subfield>
			<subfield code="f">MAIN</subfield>
		</datafield>
		<datafield ind1=" " ind2=" " tag="ITM">
			<subfield code="r">22318863960003811</subfield>
			<subfield code="b">1</subfield>
			<subfield code="h">0</subfield>
			<subfield code="g">stacks</subfield>
			<subfield code="t">ISSUE</subfield>
			<subfield code="9">39074011058005</subfield>
			<subfield code="e">stacks</subfield>
			<subfield code="8">23318863740003811</subfield>
			<subfield code="c">1996/97</subfield>
			<subfield code="a">12</subfield>
			<subfield code="q">2017-06-20 12:32:21</subfield>
			<subfield code="i">HJ2051 .A595</subfield>
			<subfield code="d">MAIN</subfield>
			<subfield code="f">MAIN</subfield>
		</datafield>
		<datafield ind1=" " ind2=" " tag="ITM">
			<subfield code="r">22318863960003811</subfield>
			<subfield code="b">1</subfield>
			<subfield code="h">0</subfield>
			<subfield code="g">stacks</subfield>
			<subfield code="t">ISSUE</subfield>
			<subfield code="9">39074010748002</subfield>
			<subfield code="e">stacks</subfield>
			<subfield code="8">23318863730003811</subfield>
			<subfield code="c">1997/98</subfield>
			<subfield code="a">12</subfield>
			<subfield code="q">2017-06-20 12:32:21</subfield>
			<subfield code="i">HJ2051 .A595</subfield>
			<subfield code="d">MAIN</subfield>
			<subfield code="f">MAIN</subfield>
		</datafield>
		<datafield ind1=" " ind2=" " tag="ITM">
			<subfield code="r">22318863960003811</subfield>
			<subfield code="b">1</subfield>
			<subfield code="h">0</subfield>
			<subfield code="g">stacks</subfield>
			<subfield code="t">ISSUE</subfield>
			<subfield code="9">39074009437484</subfield>
			<subfield code="e">stacks</subfield>
			<subfield code="8">23318863770003811</subfield>
			<subfield code="c">1994/95</subfield>
			<subfield code="a">12</subfield>
			<subfield code="q">2017-06-20 12:32:21</subfield>
			<subfield code="i">HJ2051 .A595</subfield>
			<subfield code="d">MAIN</subfield>
			<subfield code="f">MAIN</subfield>
		</datafield>
		<datafield ind1=" " ind2=" " tag="ITM">
			<subfield code="r">22318863960003811</subfield>
			<subfield code="b">1</subfield>
			<subfield code="h">0</subfield>
			<subfield code="g">stacks</subfield>
			<subfield code="t">ISSUE</subfield>
			<subfield code="9">39074021178132</subfield>
			<subfield code="e">stacks</subfield>
			<subfield code="8">23318863590003811</subfield>
			<subfield code="c">1946/1947</subfield>
			<subfield code="a">0</subfield>
			<subfield code="q">2017-06-20 12:32:21</subfield>
			<subfield code="i">HJ2051 .A595</subfield>
			<subfield code="d">MAIN</subfield>
			<subfield code="f">MAIN</subfield>
		</datafield>
		<datafield ind1=" " ind2=" " tag="ITM">
			<subfield code="r">22318863960003811</subfield>
			<subfield code="b">1</subfield>
			<subfield code="h">0</subfield>
			<subfield code="g">stacks</subfield>
			<subfield code="t">ISSUE</subfield>
			<subfield code="9">39074021178207</subfield>
			<subfield code="e">stacks</subfield>
			<subfield code="8">23318863520003811</subfield>
			<subfield code="c">1953/1954</subfield>
			<subfield code="a">0</subfield>
			<subfield code="q">2017-06-20 12:32:21</subfield>
			<subfield code="i">HJ2051 .A595</subfield>
			<subfield code="d">MAIN</subfield>
			<subfield code="f">MAIN</subfield>
		</datafield>
		<datafield ind1=" " ind2=" " tag="ITM">
			<subfield code="r">22318863960003811</subfield>
			<subfield code="b">1</subfield>
			<subfield code="h">0</subfield>
			<subfield code="g">stacks</subfield>
			<subfield code="t">ISSUE</subfield>
			<subfield code="9">39074021178181</subfield>
			<subfield code="e">stacks</subfield>
			<subfield code="8">23318863550003811</subfield>
			<subfield code="c">1950/1951</subfield>
			<subfield code="a">0</subfield>
			<subfield code="q">2017-06-20 12:32:21</subfield>
			<subfield code="i">HJ2051 .A595</subfield>
			<subfield code="d">MAIN</subfield>
			<subfield code="f">MAIN</subfield>
		</datafield>
		<datafield ind1=" " ind2=" " tag="ITM">
			<subfield code="r">22318863960003811</subfield>
			<subfield code="b">1</subfield>
			<subfield code="h">0</subfield>
			<subfield code="g">stacks</subfield>
			<subfield code="t">ISSUE</subfield>
			<subfield code="9">39074021178173</subfield>
			<subfield code="e">stacks</subfield>
			<subfield code="8">23318863560003811</subfield>
			<subfield code="c">1949/1950</subfield>
			<subfield code="a">0</subfield>
			<subfield code="q">2017-06-20 12:32:21</subfield>
			<subfield code="i">HJ2051 .A595</subfield>
			<subfield code="d">MAIN</subfield>
			<subfield code="f">MAIN</subfield>
		</datafield>
		<datafield ind1=" " ind2=" " tag="ITM">
			<subfield code="r">22318863960003811</subfield>
			<subfield code="b">1</subfield>
			<subfield code="h">0</subfield>
			<subfield code="g">stacks</subfield>
			<subfield code="t">ISSUE</subfield>
			<subfield code="9">39074028166767</subfield>
			<subfield code="e">stacks</subfield>
			<subfield code="8">23318863080003811</subfield>
			<subfield code="c">2011</subfield>
			<subfield code="a">12</subfield>
			<subfield code="q">2017-06-20 12:32:21</subfield>
			<subfield code="i">HJ2051 .A595</subfield>
			<subfield code="d">MAIN</subfield>
			<subfield code="f">MAIN</subfield>
		</datafield>
		<datafield ind1=" " ind2=" " tag="ITM">
			<subfield code="r">22318863960003811</subfield>
			<subfield code="b">1</subfield>
			<subfield code="h">0</subfield>
			<subfield code="g">stacks</subfield>
			<subfield code="t">ISSUE</subfield>
			<subfield code="9">39074021178504</subfield>
			<subfield code="e">stacks</subfield>
			<subfield code="8">23318863330003811</subfield>
			<subfield code="c">1972/1973</subfield>
			<subfield code="a">0</subfield>
			<subfield code="q">2017-06-20 12:32:21</subfield>
			<subfield code="i">HJ2051 .A595</subfield>
			<subfield code="d">MAIN</subfield>
			<subfield code="f">MAIN</subfield>
		</datafield>
		<datafield ind1=" " ind2=" " tag="ITM">
			<subfield code="r">22318863960003811</subfield>
			<subfield code="b">1</subfield>
			<subfield code="h">0</subfield>
			<subfield code="g">stacks</subfield>
			<subfield code="t">ISSUE</subfield>
			<subfield code="9">39074021178215</subfield>
			<subfield code="e">stacks</subfield>
			<subfield code="8">23318863510003811</subfield>
			<subfield code="c">1954/1955</subfield>
			<subfield code="a">0</subfield>
			<subfield code="q">2017-06-20 12:32:21</subfield>
			<subfield code="i">HJ2051 .A595</subfield>
			<subfield code="d">MAIN</subfield>
			<subfield code="f">MAIN</subfield>
		</datafield>
		<datafield ind1=" " ind2=" " tag="ITM">
			<subfield code="r">22318863960003811</subfield>
			<subfield code="b">1</subfield>
			<subfield code="h">0</subfield>
			<subfield code="g">stacks</subfield>
			<subfield code="t">ISSUE</subfield>
			<subfield code="9">39074021178538</subfield>
			<subfield code="e">stacks</subfield>
			<subfield code="8">23318863190003811</subfield>
			<subfield code="c">1982/1983</subfield>
			<subfield code="a">0</subfield>
			<subfield code="q">2017-06-20 12:32:21</subfield>
			<subfield code="i">HJ2051 .A595</subfield>
			<subfield code="d">MAIN</subfield>
			<subfield code="f">MAIN</subfield>
		</datafield>
		<datafield ind1=" " ind2=" " tag="ITM">
			<subfield code="r">22318863960003811</subfield>
			<subfield code="b">1</subfield>
			<subfield code="h">0</subfield>
			<subfield code="g">stacks</subfield>
			<subfield code="t">ISSUE</subfield>
			<subfield code="9">39074021180088</subfield>
			<subfield code="e">stacks</subfield>
			<subfield code="8">23318863150003811</subfield>
			<subfield code="c">1981 (revisions)</subfield>
			<subfield code="a">0</subfield>
			<subfield code="q">2017-06-20 12:32:21</subfield>
			<subfield code="i">HJ2051 .A595</subfield>
			<subfield code="d">MAIN</subfield>
			<subfield code="f">MAIN</subfield>
		</datafield>
		<datafield ind1=" " ind2=" " tag="ITM">
			<subfield code="r">22318863960003811</subfield>
			<subfield code="b">1</subfield>
			<subfield code="h">0</subfield>
			<subfield code="g">stacks</subfield>
			<subfield code="t">ISSUE</subfield>
			<subfield code="9">39074021178322</subfield>
			<subfield code="e">stacks</subfield>
			<subfield code="8">23318863400003811</subfield>
			<subfield code="c">1965/1966</subfield>
			<subfield code="a">0</subfield>
			<subfield code="q">2017-06-20 12:32:21</subfield>
			<subfield code="i">HJ2051 .A595</subfield>
			<subfield code="d">MAIN</subfield>
			<subfield code="f">MAIN</subfield>
		</datafield>
		<datafield ind1=" " ind2=" " tag="ITM">
			<subfield code="r">22318863960003811</subfield>
			<subfield code="b">1</subfield>
			<subfield code="h">0</subfield>
			<subfield code="g">stacks</subfield>
			<subfield code="t">ISSUE</subfield>
			<subfield code="9">39074021178280</subfield>
			<subfield code="e">stacks</subfield>
			<subfield code="8">23318863440003811</subfield>
			<subfield code="c">1961/1962</subfield>
			<subfield code="a">0</subfield>
			<subfield code="q">2017-06-20 12:32:21</subfield>
			<subfield code="i">HJ2051 .A595</subfield>
			<subfield code="d">MAIN</subfield>
			<subfield code="f">MAIN</subfield>
		</datafield>
		<datafield ind1=" " ind2=" " tag="ITM">
			<subfield code="r">22318863960003811</subfield>
			<subfield code="b">1</subfield>
			<subfield code="h">0</subfield>
			<subfield code="g">stacks</subfield>
			<subfield code="t">ISSUE</subfield>
			<subfield code="9">39074014594147</subfield>
			<subfield code="e">stacks</subfield>
			<subfield code="8">23318863700003811</subfield>
			<subfield code="c">2001/02</subfield>
			<subfield code="a">12</subfield>
			<subfield code="q">2017-06-20 12:32:21</subfield>
			<subfield code="i">HJ2051 .A595</subfield>
			<subfield code="d">MAIN</subfield>
			<subfield code="f">MAIN</subfield>
		</datafield>
		<datafield ind1=" " ind2=" " tag="ITM">
			<subfield code="r">22318863960003811</subfield>
			<subfield code="b">1</subfield>
			<subfield code="h">0</subfield>
			<subfield code="g">stacks</subfield>
			<subfield code="t">ISSUE</subfield>
			<subfield code="9">39074021178470</subfield>
			<subfield code="e">stacks</subfield>
			<subfield code="8">23318863220003811</subfield>
			<subfield code="c">1981/1982 (revision)</subfield>
			<subfield code="a">0</subfield>
			<subfield code="q">2017-06-20 12:32:21</subfield>
			<subfield code="i">HJ2051 .A595</subfield>
			<subfield code="d">MAIN</subfield>
			<subfield code="f">MAIN</subfield>
		</datafield>
		<datafield ind1=" " ind2=" " tag="ITM">
			<subfield code="r">22318863960003811</subfield>
			<subfield code="b">1</subfield>
			<subfield code="h">0</subfield>
			<subfield code="g">stacks</subfield>
			<subfield code="t">ISSUE</subfield>
			<subfield code="9">39074021178355</subfield>
			<subfield code="e">stacks</subfield>
			<subfield code="8">23318863370003811</subfield>
			<subfield code="c">1968/1969</subfield>
			<subfield code="a">0</subfield>
			<subfield code="q">2017-06-20 12:32:21</subfield>
			<subfield code="i">HJ2051 .A595</subfield>
			<subfield code="d">MAIN</subfield>
			<subfield code="f">MAIN</subfield>
		</datafield>
		<datafield ind1=" " ind2=" " tag="ITM">
			<subfield code="r">22318863960003811</subfield>
			<subfield code="b">1</subfield>
			<subfield code="h">0</subfield>
			<subfield code="g">stacks</subfield>
			<subfield code="t">ISSUE</subfield>
			<subfield code="9">39074021178439</subfield>
			<subfield code="e">stacks</subfield>
			<subfield code="8">23318863260003811</subfield>
			<subfield code="c">1979/1980</subfield>
			<subfield code="a">0</subfield>
			<subfield code="q">2017-06-20 12:32:21</subfield>
			<subfield code="i">HJ2051 .A595</subfield>
			<subfield code="d">MAIN</subfield>
			<subfield code="f">MAIN</subfield>
		</datafield>
		<datafield ind1=" " ind2=" " tag="ITM">
			<subfield code="r">22318863960003811</subfield>
			<subfield code="b">1</subfield>
			<subfield code="h">0</subfield>
			<subfield code="g">stacks</subfield>
			<subfield code="t">ISSUE</subfield>
			<subfield code="9">39074007498421</subfield>
			<subfield code="e">stacks</subfield>
			<subfield code="8">23318863810003811</subfield>
			<subfield code="c">1990/91</subfield>
			<subfield code="a">12</subfield>
			<subfield code="q">2017-06-20 12:32:21</subfield>
			<subfield code="i">HJ2051 .A595</subfield>
			<subfield code="d">MAIN</subfield>
			<subfield code="f">MAIN</subfield>
		</datafield>
		<datafield ind1=" " ind2=" " tag="ITM">
			<subfield code="r">22318863960003811</subfield>
			<subfield code="b">1</subfield>
			<subfield code="h">0</subfield>
			<subfield code="g">stacks</subfield>
			<subfield code="t">ISSUE</subfield>
			<subfield code="9">39074015834146</subfield>
			<subfield code="e">stacks</subfield>
			<subfield code="8">23318863920003811</subfield>
			<subfield code="c">2000/01</subfield>
			<subfield code="a">12</subfield>
			<subfield code="q">2017-06-20 12:32:21</subfield>
			<subfield code="i">HJ2051 .A595</subfield>
			<subfield code="d">MAIN</subfield>
			<subfield code="f">MAIN</subfield>
		</datafield>
		<datafield ind1=" " ind2=" " tag="ITM">
			<subfield code="r">22318863960003811</subfield>
			<subfield code="b">1</subfield>
			<subfield code="h">0</subfield>
			<subfield code="g">stacks</subfield>
			<subfield code="t">ISSUE</subfield>
			<subfield code="9">39074015569056</subfield>
			<subfield code="e">stacks</subfield>
			<subfield code="8">23318863110003811</subfield>
			<subfield code="c">2003/04</subfield>
			<subfield code="a">12</subfield>
			<subfield code="q">2017-06-20 12:32:21</subfield>
			<subfield code="i">HJ2051 .A595</subfield>
			<subfield code="d">MAIN</subfield>
			<subfield code="f">MAIN</subfield>
		</datafield>
	</record>