
	<record>
		<leader>00817nas a2200265 4500</leader>
		<controlfield tag="005">20180315124948.0</controlfield>
		<controlfield tag="008">930922c19uu9999at qr p 0 0eng</controlfield>
		<controlfield tag="001">991031220469703811</controlfield>
		<datafield ind1=" " ind2=" " tag="022">
			<subfield code="a">0314-3155</subfield>
		</datafield>
		<datafield ind1=" " ind2=" " tag="035">
			<subfield code="a">(PPT)b16418359-01tuli_inst</subfield>
		</datafield>
		<datafield ind1=" " ind2=" " tag="035">
			<subfield code="a">PATG93-S00668</subfield>
		</datafield>
		<datafield ind1=" " ind2=" " tag="040">
			<subfield code="a">PPT</subfield>
			<subfield code="c">PPT</subfield>
		</datafield>
		<datafield ind1=" " ind2=" " tag="090">
			<subfield code="a">AP2.S55x</subfield>
		</datafield>
		<datafield ind1="0" ind2="0" tag="245">
			<subfield code="a">Simply living.</subfield>
		</datafield>
		<datafield ind1=" " ind2=" " tag="260">
			<subfield code="a">[Surry Hills, NSW :</subfield>
			<subfield code="b">Otter Publications]</subfield>
		</datafield>
		<datafield ind1=" " ind2=" " tag="300">
			<subfield code="a">v. :</subfield>
			<subfield code="b">ill. ;</subfield>
			<subfield code="c">29 cm.</subfield>
		</datafield>
		<datafield ind1=" " ind2=" " tag="310">
			<subfield code="a">Quarterly</subfield>
		</datafield>
		<datafield ind1=" " ind2=" " tag="321">
			<subfield code="a">Bimonthly</subfield>
		</datafield>
		<datafield ind1=" " ind2=" " tag="500">
			<subfield code="a">Description based on: vol.6, no.1 (1991); title from cover.</subfield>
		</datafield>
		<datafield ind1=" " ind2=" " tag="907">
			<subfield code="a">.b16418359</subfield>
			<subfield code="b">s</subfield>
			<subfield code="c">-</subfield>
		</datafield>
		<datafield ind1=" " ind2=" " tag="935">
			<subfield code="a">00699843</subfield>
		</datafield>
		<datafield ind1=" " ind2=" " tag="950">
			<subfield code="l">CCC</subfield>
			<subfield code="v">v.6- ;</subfield>
			<subfield code="y">1991-</subfield>
			<subfield code="f">PER.</subfield>
			<subfield code="i">09/22/93 N 215:SL</subfield>
		</datafield>
		<datafield ind1=" " ind2=" " tag="955">
			<subfield code="l">CCC</subfield>
			<subfield code="c">0</subfield>
			<subfield code="a">REF-1</subfield>
			<subfield code="i">09/22/93 C</subfield>
		</datafield>
		<datafield ind1=" " ind2=" " tag="998">
			<subfield code="b">2</subfield>
			<subfield code="c">990101</subfield>
			<subfield code="d">s</subfield>
			<subfield code="e">a</subfield>
			<subfield code="f">-</subfield>
			<subfield code="g">0</subfield>
		</datafield>
		<datafield ind1=" " ind2=" " tag="998">
			<subfield code="a">09/22/93</subfield>
			<subfield code="t">c</subfield>
			<subfield code="s">9114</subfield>
			<subfield code="n">PPT</subfield>
			<subfield code="d">09/22/93</subfield>
			<subfield code="c">CW</subfield>
			<subfield code="b">MK</subfield>
			<subfield code="i">930922</subfield>
			<subfield code="l">PATG</subfield>
		</datafield>
		<datafield ind1=" " ind2=" " tag="ADM">
			<subfield code="b">2018-03-15 16:49:48</subfield>
			<subfield code="e">b16418359-01tuli_inst</subfield>
			<subfield code="d">ILS</subfield>
			<subfield code="a">2017-06-20 13:54:26</subfield>
			<subfield code="c">false</subfield>
		</datafield>
		<datafield ind1="8" ind2=" " tag="HLD">
			<subfield code="b">SCRC</subfield>
			<subfield code="c">rarestacks</subfield>
			<subfield code="x">INT. NOTE: PER. | RETENTION: -</subfield>
			<subfield code="8">22328001540003811</subfield>
		</datafield>
		<datafield ind1=" " ind2="0" tag="HLD866">
			<subfield code="a">v.6- 1991-</subfield>
			<subfield code="8">22328001540003811</subfield>
		</datafield>
	</record>