
	<record>
		<leader>04392cas a2201177 4500</leader>
		<controlfield tag="005">20180315121746.0</controlfield>
		<controlfield tag="008">750727c19uu9999enkmr p 0 a0eng d</controlfield>
		<controlfield tag="001">991012085099703811</controlfield>
		<datafield ind1=" " ind2=" " tag="010">
			<subfield code="a">52026732 /L</subfield>
		</datafield>
		<datafield ind1=" " ind2=" " tag="022">
			<subfield code="a">0003-8504</subfield>
		</datafield>
		<datafield ind1=" " ind2=" " tag="035">
			<subfield code="a">(PPT)b1246451x-01tuli_inst</subfield>
		</datafield>
		<datafield ind1=" " ind2=" " tag="035">
			<subfield code="a">(CStRLIN)ocn471179673</subfield>
			<subfield code="9">ExL</subfield>
		</datafield>
		<datafield ind1=" " ind2=" " tag="035">
			<subfield code="a">PATG01481855S</subfield>
		</datafield>
		<datafield ind1=" " ind2=" " tag="035">
			<subfield code="a">ocn175313931</subfield>
		</datafield>
		<datafield ind1=" " ind2=" " tag="035">
			<subfield code="a">(OCLC)ocn175313931</subfield>
		</datafield>
		<datafield ind1=" " ind2=" " tag="040">
			<subfield code="a">MnMULS</subfield>
			<subfield code="c">MnMULS</subfield>
			<subfield code="d">FGULS</subfield>
			<subfield code="d">OCoLC</subfield>
			<subfield code="d">InU</subfield>
			<subfield code="d">PPT</subfield>
			<subfield code="d">CStRLIN</subfield>
		</datafield>
		<datafield ind1=" " ind2=" " tag="079">
			<subfield code="a">ocn175313931</subfield>
		</datafield>
		<datafield ind1=" " ind2=" " tag="090">
			<subfield code="a">NA1</subfield>
			<subfield code="b">.A563</subfield>
		</datafield>
		<datafield ind1="0" ind2="0" tag="245">
			<subfield code="a">Architectural design.</subfield>
		</datafield>
		<datafield ind1=" " ind2=" " tag="260">
			<subfield code="a">London,</subfield>
			<subfield code="b">A. Papadakis.</subfield>
		</datafield>
		<datafield ind1=" " ind2=" " tag="300">
			<subfield code="a">v. :</subfield>
			<subfield code="b">ill. ;</subfield>
			<subfield code="c">32 cm.</subfield>
		</datafield>
		<datafield ind1=" " ind2=" " tag="310">
			<subfield code="a">Monthly</subfield>
		</datafield>
		<datafield ind1="0" ind2=" " tag="362">
			<subfield code="a">v. 1- ; Nov. 1930-</subfield>
		</datafield>
		<datafield ind1=" " ind2=" " tag="530">
			<subfield code="a">Also available online.</subfield>
		</datafield>
		<datafield ind1=" " ind2="0" tag="650">
			<subfield code="a">Architecture</subfield>
			<subfield code="v">Periodicals.</subfield>
		</datafield>
		<datafield ind1=" " ind2="0" tag="650">
			<subfield code="a">Architecture</subfield>
			<subfield code="x">Designs and plans.</subfield>
		</datafield>
		<datafield ind1=" " ind2="0" tag="650">
			<subfield code="a">Industrial buildings.</subfield>
		</datafield>
		<datafield ind1=" " ind2=" " tag="902">
			<subfield code="a">NO LONGER RECEIVED AS SERIAL; CATALOG INDIVIDUAL ISSUES SEPARATELY; mrtl 08/18/11</subfield>
		</datafield>
		<datafield ind1=" " ind2=" " tag="907">
			<subfield code="a">.b1246451x</subfield>
			<subfield code="b">multi</subfield>
			<subfield code="c">-</subfield>
		</datafield>
		<datafield ind1=" " ind2=" " tag="935">
			<subfield code="a">00263199</subfield>
		</datafield>
		<datafield ind1=" " ind2=" " tag="945">
			<subfield code="l">astk</subfield>
			<subfield code="u">v.v.75 (Jul.-Dec. 2005)</subfield>
			<subfield code="g">1</subfield>
		</datafield>
		<datafield ind1=" " ind2=" " tag="945">
			<subfield code="l">kstk</subfield>
			<subfield code="u">v.v.48</subfield>
			<subfield code="g">1</subfield>
		</datafield>
		<datafield ind1=" " ind2=" " tag="945">
			<subfield code="l">pstk</subfield>
			<subfield code="u">v.v.32, no.12 (Dec. 1962)</subfield>
			<subfield code="g">1</subfield>
		</datafield>
		<datafield ind1=" " ind2=" " tag="945">
			<subfield code="l">pstk</subfield>
			<subfield code="u">v.v.33 (May-Jun. 1963)</subfield>
			<subfield code="g">1</subfield>
		</datafield>
		<datafield ind1=" " ind2=" " tag="945">
			<subfield code="l">pstk</subfield>
			<subfield code="u">v.v.34 (Jan.-Apr. 1964)</subfield>
			<subfield code="g">1</subfield>
		</datafield>
		<datafield ind1=" " ind2=" " tag="945">
			<subfield code="l">pstk</subfield>
			<subfield code="u">v.v.34 (May-Aug. 1964)</subfield>
			<subfield code="g">1</subfield>
		</datafield>
		<datafield ind1=" " ind2=" " tag="945">
			<subfield code="l">pstk</subfield>
			<subfield code="u">v.v.34 (Sep.-Dec. 1964)</subfield>
			<subfield code="g">1</subfield>
		</datafield>
		<datafield ind1=" " ind2=" " tag="945">
			<subfield code="l">pstk</subfield>
			<subfield code="u">v.v.34 no.2 (Feb. 1964)</subfield>
			<subfield code="g">1</subfield>
		</datafield>
		<datafield ind1=" " ind2=" " tag="945">
			<subfield code="l">pstk</subfield>
			<subfield code="u">v.v.35 (Feb.-Aug. 1965)</subfield>
			<subfield code="g">1</subfield>
		</datafield>
		<datafield ind1=" " ind2=" " tag="945">
			<subfield code="l">pstk</subfield>
			<subfield code="u">v.v.35 (Sep.-Dec. 1965)</subfield>
			<subfield code="g">1</subfield>
		</datafield>
		<datafield ind1=" " ind2=" " tag="945">
			<subfield code="l">pstk</subfield>
			<subfield code="u">v.v.35 no.12 (Dec. 1965)</subfield>
			<subfield code="g">1</subfield>
		</datafield>
		<datafield ind1=" " ind2=" " tag="945">
			<subfield code="l">pstk</subfield>
			<subfield code="u">v.v.36 (Jan.-Jun. 1966)</subfield>
			<subfield code="g">1</subfield>
		</datafield>
		<datafield ind1=" " ind2=" " tag="945">
			<subfield code="l">pstk</subfield>
			<subfield code="u">v.v.36 (Jul.-Dec. 1966)</subfield>
			<subfield code="g">1</subfield>
		</datafield>
		<datafield ind1=" " ind2=" " tag="945">
			<subfield code="l">pstk</subfield>
			<subfield code="u">v.v.37 (Jan.-Jun. 1967)</subfield>
			<subfield code="g">1</subfield>
		</datafield>
		<datafield ind1=" " ind2=" " tag="945">
			<subfield code="l">pstk</subfield>
			<subfield code="u">v.v.37-38 (Jul.-Nov. 1967-Mar. 1968)</subfield>
			<subfield code="g">1</subfield>
		</datafield>
		<datafield ind1=" " ind2=" " tag="945">
			<subfield code="l">pstk</subfield>
			<subfield code="u">v.v.39 (Jan.-Dec. 1969); Missing no.3</subfield>
			<subfield code="g">1</subfield>
		</datafield>
		<datafield ind1=" " ind2=" " tag="945">
			<subfield code="l">pstk</subfield>
			<subfield code="u">v.v.40 (Jan.-May 1970)</subfield>
			<subfield code="g">1</subfield>
		</datafield>
		<datafield ind1=" " ind2=" " tag="945">
			<subfield code="l">pstk</subfield>
			<subfield code="u">v.v.41 (1971)</subfield>
			<subfield code="g">1</subfield>
		</datafield>
		<datafield ind1=" " ind2=" " tag="945">
			<subfield code="l">pstk</subfield>
			<subfield code="u">v.v.42 (1972)</subfield>
			<subfield code="g">1</subfield>
		</datafield>
		<datafield ind1=" " ind2=" " tag="945">
			<subfield code="l">pstk</subfield>
			<subfield code="u">v.v.43 (1973)</subfield>
			<subfield code="g">1</subfield>
		</datafield>
		<datafield ind1=" " ind2=" " tag="945">
			<subfield code="l">pstk</subfield>
			<subfield code="u">v.v.44 (1974)</subfield>
			<subfield code="g">1</subfield>
		</datafield>
		<datafield ind1=" " ind2=" " tag="945">
			<subfield code="l">pstk</subfield>
			<subfield code="u">v.v.45 (1975)</subfield>
			<subfield code="g">1</subfield>
		</datafield>
		<datafield ind1=" " ind2=" " tag="945">
			<subfield code="l">pstk</subfield>
			<subfield code="u">v.v.46 (1976)</subfield>
			<subfield code="g">1</subfield>
		</datafield>
		<datafield ind1=" " ind2=" " tag="945">
			<subfield code="l">pstk</subfield>
			<subfield code="u">v.v.47 (1977)</subfield>
			<subfield code="g">1</subfield>
		</datafield>
		<datafield ind1=" " ind2=" " tag="945">
			<subfield code="l">pstk</subfield>
			<subfield code="u">v.v.48 (1978)</subfield>
			<subfield code="g">1</subfield>
		</datafield>
		<datafield ind1=" " ind2=" " tag="945">
			<subfield code="l">pstk</subfield>
			<subfield code="u">v.v.49 (1979)</subfield>
			<subfield code="g">1</subfield>
		</datafield>
		<datafield ind1=" " ind2=" " tag="945">
			<subfield code="l">pstk</subfield>
			<subfield code="u">v.v.50 (1980)</subfield>
			<subfield code="g">1</subfield>
		</datafield>
		<datafield ind1=" " ind2=" " tag="945">
			<subfield code="l">pstk</subfield>
			<subfield code="u">v.v.51 (1981)</subfield>
			<subfield code="g">1</subfield>
		</datafield>
		<datafield ind1=" " ind2=" " tag="945">
			<subfield code="l">pstk</subfield>
			<subfield code="u">v.v.52 (1982)</subfield>
			<subfield code="g">1</subfield>
		</datafield>
		<datafield ind1=" " ind2=" " tag="945">
			<subfield code="l">pstk</subfield>
			<subfield code="u">v.v.53, no.1-6 (Jan.-Jun. 1983)</subfield>
			<subfield code="g">1</subfield>
		</datafield>
		<datafield ind1=" " ind2=" " tag="945">
			<subfield code="l">pstk</subfield>
			<subfield code="u">v.v.53, no.7-12 (Jul.-Dec. 1983)</subfield>
			<subfield code="g">1</subfield>
		</datafield>
		<datafield ind1=" " ind2=" " tag="945">
			<subfield code="l">pstk</subfield>
			<subfield code="u">v.v.54 (1984)</subfield>
			<subfield code="g">1</subfield>
		</datafield>
		<datafield ind1=" " ind2=" " tag="945">
			<subfield code="l">pstk</subfield>
			<subfield code="u">v.v.55 (1985)</subfield>
			<subfield code="g">1</subfield>
		</datafield>
		<datafield ind1=" " ind2=" " tag="945">
			<subfield code="l">pstk</subfield>
			<subfield code="u">v.v.56 (1986)</subfield>
			<subfield code="g">1</subfield>
		</datafield>
		<datafield ind1=" " ind2=" " tag="945">
			<subfield code="l">pstk</subfield>
			<subfield code="u">v.v.57 (1987)</subfield>
			<subfield code="g">1</subfield>
		</datafield>
		<datafield ind1=" " ind2=" " tag="945">
			<subfield code="l">pstk</subfield>
			<subfield code="u">v.v.58 (1988)</subfield>
			<subfield code="g">1</subfield>
		</datafield>
		<datafield ind1=" " ind2=" " tag="945">
			<subfield code="l">pstk</subfield>
			<subfield code="u">v.v.59 (1989)</subfield>
			<subfield code="g">1</subfield>
		</datafield>
		<datafield ind1=" " ind2=" " tag="945">
			<subfield code="l">pstk</subfield>
			<subfield code="u">v.v.60 (1990)</subfield>
			<subfield code="g">1</subfield>
		</datafield>
		<datafield ind1=" " ind2=" " tag="945">
			<subfield code="l">pstk</subfield>
			<subfield code="u">v.v.61 (1991)</subfield>
			<subfield code="g">1</subfield>
		</datafield>
		<datafield ind1=" " ind2=" " tag="945">
			<subfield code="l">pstk</subfield>
			<subfield code="u">v.v.62 (1992)</subfield>
			<subfield code="g">1</subfield>
		</datafield>
		<datafield ind1=" " ind2=" " tag="945">
			<subfield code="l">pstk</subfield>
			<subfield code="u">v.v.62, no.7-12 (1992)</subfield>
			<subfield code="g">1</subfield>
		</datafield>
		<datafield ind1=" " ind2=" " tag="945">
			<subfield code="l">pstk</subfield>
			<subfield code="u">v.v.63 (Jan.-Jun. 1993)</subfield>
			<subfield code="g">1</subfield>
		</datafield>
		<datafield ind1=" " ind2=" " tag="945">
			<subfield code="l">pstk</subfield>
			<subfield code="u">v.v.63 (Jul.-Dec. 1993)</subfield>
			<subfield code="g">1</subfield>
		</datafield>
		<datafield ind1=" " ind2=" " tag="945">
			<subfield code="l">pstk</subfield>
			<subfield code="u">v.v.64 (Jan.-Jun. 1994)</subfield>
			<subfield code="g">1</subfield>
		</datafield>
		<datafield ind1=" " ind2=" " tag="945">
			<subfield code="l">pstk</subfield>
			<subfield code="u">v.v.64 (Jul.-Dec. 1994)</subfield>
			<subfield code="g">1</subfield>
		</datafield>
		<datafield ind1=" " ind2=" " tag="945">
			<subfield code="l">pstk</subfield>
			<subfield code="u">v.v.65 (Jul.-Dec. 1995)</subfield>
			<subfield code="g">1</subfield>
		</datafield>
		<datafield ind1=" " ind2=" " tag="945">
			<subfield code="l">pstk</subfield>
			<subfield code="u">v.v.66 (Jul.-Dec. 1996)</subfield>
			<subfield code="g">1</subfield>
		</datafield>
		<datafield ind1=" " ind2=" " tag="945">
			<subfield code="l">pstk</subfield>
			<subfield code="u">v.v.67 (Jul.-Dec. 1997)</subfield>
			<subfield code="g">1</subfield>
		</datafield>
		<datafield ind1=" " ind2=" " tag="945">
			<subfield code="l">pstk</subfield>
			<subfield code="u">v.v.68 (Jan.-Jun. 1998)</subfield>
			<subfield code="g">1</subfield>
		</datafield>
		<datafield ind1=" " ind2=" " tag="945">
			<subfield code="l">pstk</subfield>
			<subfield code="u">v.v.68 (Jul.-Dec. 1998)</subfield>
			<subfield code="g">1</subfield>
		</datafield>
		<datafield ind1=" " ind2=" " tag="945">
			<subfield code="l">pstk</subfield>
			<subfield code="u">v.v.69 (Jan.-Jun. 1999)</subfield>
			<subfield code="g">1</subfield>
		</datafield>
		<datafield ind1=" " ind2=" " tag="945">
			<subfield code="l">pstk</subfield>
			<subfield code="u">v.v.69 (Jul.-Oct. 1999); Missing no.11-12</subfield>
			<subfield code="g">1</subfield>
		</datafield>
		<datafield ind1=" " ind2=" " tag="945">
			<subfield code="l">pstk</subfield>
			<subfield code="u">v.v.70 (Jan.-Jun. 2000)</subfield>
			<subfield code="g">1</subfield>
		</datafield>
		<datafield ind1=" " ind2=" " tag="945">
			<subfield code="l">pstk</subfield>
			<subfield code="u">v.v.70 (Jul.-Dec. 2000)</subfield>
			<subfield code="g">1</subfield>
		</datafield>
		<datafield ind1=" " ind2=" " tag="945">
			<subfield code="l">pstk</subfield>
			<subfield code="u">v.v.71 (Jan.-Jun. 2001)</subfield>
			<subfield code="g">1</subfield>
		</datafield>
		<datafield ind1=" " ind2=" " tag="945">
			<subfield code="l">pstk</subfield>
			<subfield code="u">v.v.71 (Jul.-Nov. 2001)</subfield>
			<subfield code="g">1</subfield>
		</datafield>
		<datafield ind1=" " ind2=" " tag="945">
			<subfield code="l">pstk</subfield>
			<subfield code="u">v.v.72 (Jan.-May 2002)</subfield>
			<subfield code="g">1</subfield>
		</datafield>
		<datafield ind1=" " ind2=" " tag="945">
			<subfield code="l">pstk</subfield>
			<subfield code="u">v.v.72 (Jul.-Dec. 2002)</subfield>
			<subfield code="g">1</subfield>
		</datafield>
		<datafield ind1=" " ind2=" " tag="945">
			<subfield code="l">pstk</subfield>
			<subfield code="u">v.v.73 (Jan.-Jun. 2003)</subfield>
			<subfield code="g">1</subfield>
		</datafield>
		<datafield ind1=" " ind2=" " tag="945">
			<subfield code="l">pstk</subfield>
			<subfield code="u">v.v.73 (Jul.-Dec. 2003)</subfield>
			<subfield code="g">1</subfield>
		</datafield>
		<datafield ind1=" " ind2=" " tag="945">
			<subfield code="l">pstk</subfield>
			<subfield code="u">v.v.74 (Jan.-Jun. 2004)</subfield>
			<subfield code="g">1</subfield>
		</datafield>
		<datafield ind1=" " ind2=" " tag="945">
			<subfield code="l">pstk</subfield>
			<subfield code="u">v.v.74 (Jul.-Dec. 2004)</subfield>
			<subfield code="g">1</subfield>
		</datafield>
		<datafield ind1=" " ind2=" " tag="945">
			<subfield code="l">pstk</subfield>
			<subfield code="u">v.v.75 (Jan.-Jun. 2005)</subfield>
			<subfield code="g">1</subfield>
		</datafield>
		<datafield ind1=" " ind2=" " tag="945">
			<subfield code="l">pstk</subfield>
			<subfield code="u">v.v.75 (Jul.-Dec. 2005)</subfield>
			<subfield code="g">1</subfield>
		</datafield>
		<datafield ind1=" " ind2=" " tag="950">
			<subfield code="l">AMB</subfield>
			<subfield code="v">v.61- ;</subfield>
			<subfield code="y">1991-</subfield>
			<subfield code="f">PER.</subfield>
			<subfield code="i">05/30/95 N</subfield>
		</datafield>
		<datafield ind1=" " ind2=" " tag="950">
			<subfield code="l">TECH</subfield>
			<subfield code="v">v.34- ;</subfield>
			<subfield code="y">1964-</subfield>
			<subfield code="f">PER.</subfield>
			<subfield code="i">05/30/95 N</subfield>
			<subfield code="h">01/01/01 N</subfield>
		</datafield>
		<datafield ind1=" " ind2=" " tag="955">
			<subfield code="l">AMB</subfield>
			<subfield code="c">0</subfield>
			<subfield code="a">REF-1</subfield>
			<subfield code="i">05/30/95 C</subfield>
		</datafield>
		<datafield ind1=" " ind2=" " tag="955">
			<subfield code="l">TECH</subfield>
			<subfield code="c">0</subfield>
			<subfield code="a">REF-1</subfield>
			<subfield code="i">05/30/95 C</subfield>
		</datafield>
		<datafield ind1=" " ind2=" " tag="979">
			<subfield code="a">ocn175313931</subfield>
		</datafield>
		<datafield ind1=" " ind2=" " tag="998">
			<subfield code="b">68</subfield>
			<subfield code="c">990101</subfield>
			<subfield code="d">s</subfield>
			<subfield code="e">a</subfield>
			<subfield code="f">-</subfield>
			<subfield code="g">0</subfield>
		</datafield>
		<datafield ind1=" " ind2=" " tag="998">
			<subfield code="a">05/30/95</subfield>
			<subfield code="t">c</subfield>
			<subfield code="s">9665</subfield>
			<subfield code="l">PATG</subfield>
			<subfield code="n">PPT</subfield>
			<subfield code="w">ILAARLA3362S</subfield>
			<subfield code="d">08/03/83</subfield>
			<subfield code="b">CW</subfield>
			<subfield code="i">950530</subfield>
		</datafield>
		<datafield ind1=" " ind2=" " tag="ADM">
			<subfield code="b">2018-03-15 16:17:46</subfield>
			<subfield code="e">b1246451x-01tuli_inst</subfield>
			<subfield code="d">ILS</subfield>
			<subfield code="a">2017-06-20 06:39:09</subfield>
			<subfield code="c">false</subfield>
		</datafield>
		<datafield ind1="0" ind2=" " tag="HLD">
			<subfield code="b">MAIN</subfield>
			<subfield code="c">stacks</subfield>
			<subfield code="h">NA1</subfield>
			<subfield code="i">.A563</subfield>
			<subfield code="x">INT. NOTE: PER. ***print cancelled with Ebsco 2007 per dc - online only with Wiley InterScience o12926206 | NOTE(CHECKIN): Switched to online only dc 8/06 | NOTE(CHECKIN): Bind every 6 months. Number seems to have changed in 2000 | FREQUENCY: b | SCODE3: - | VEN TITLE#: rb474100016071652986</subfield>
			<subfield code="8">22251927700003811</subfield>
		</datafield>
		<datafield ind1=" " ind2="0" tag="HLD866">
			<subfield code="a">v.32,no.12-v.75,no.16 (1962-2005) Some issues missing.</subfield>
			<subfield code="8">22251927700003811</subfield>
		</datafield>
		<datafield ind1="0" ind2=" " tag="HLD">
			<subfield code="b">AMBLER</subfield>
			<subfield code="c">stacks</subfield>
			<subfield code="h">NA1</subfield>
			<subfield code="i">.A563</subfield>
			<subfield code="x">INT. NOTE: PER. ***print cancelled with Ebsco 2007 per dc - online only with Wiley InterScience o12926206 | NOTE(CHECKIN): Switched to online only dc 8/06 | NOTE(CHECKIN): Ambler - BIND TWICE A YEAR. Numeration changed in 2000 | FREQUENCY: b | SCODE3: - | VEN TITLE#: rb474100006071652986</subfield>
			<subfield code="8">22251926900003811</subfield>
		</datafield>
		<datafield ind1=" " ind2="0" tag="HLD866">
			<subfield code="a">v.61- 75 (1991-2005)</subfield>
			<subfield code="8">22251926900003811</subfield>
		</datafield>
		<datafield ind1="0" ind2=" " tag="HLD">
			<subfield code="b">KARDON</subfield>
			<subfield code="c">p_remote</subfield>
			<subfield code="h">NA1</subfield>
			<subfield code="i">.A563</subfield>
			<subfield code="8">22251926920003811</subfield>
		</datafield>
		<datafield ind1=" " ind2=" " tag="ITM">
			<subfield code="r">22251927700003811</subfield>
			<subfield code="b">1</subfield>
			<subfield code="h">0</subfield>
			<subfield code="g">stacks</subfield>
			<subfield code="t">ISSUE</subfield>
			<subfield code="9">39074017687476</subfield>
			<subfield code="e">stacks</subfield>
			<subfield code="8">23251927020003811</subfield>
			<subfield code="c">v.72 (Jul.-Dec. 2002)</subfield>
			<subfield code="a">2</subfield>
			<subfield code="q">2017-06-20 06:39:09</subfield>
			<subfield code="i">NA1 .A563</subfield>
			<subfield code="d">MAIN</subfield>
			<subfield code="f">MAIN</subfield>
		</datafield>
		<datafield ind1=" " ind2=" " tag="ITM">
			<subfield code="r">22251927700003811</subfield>
			<subfield code="b">1</subfield>
			<subfield code="h">0</subfield>
			<subfield code="g">stacks</subfield>
			<subfield code="t">ISSUE</subfield>
			<subfield code="9">39074017687260</subfield>
			<subfield code="e">stacks</subfield>
			<subfield code="8">23251927380003811</subfield>
			<subfield code="c">v.56 (1986)</subfield>
			<subfield code="a">2</subfield>
			<subfield code="q">2017-06-20 06:39:09</subfield>
			<subfield code="i">NA1 .A563</subfield>
			<subfield code="d">MAIN</subfield>
			<subfield code="f">MAIN</subfield>
		</datafield>
		<datafield ind1=" " ind2=" " tag="ITM">
			<subfield code="r">22251927700003811</subfield>
			<subfield code="b">1</subfield>
			<subfield code="h">0</subfield>
			<subfield code="g">stacks</subfield>
			<subfield code="t">ISSUE</subfield>
			<subfield code="9">39074017687542</subfield>
			<subfield code="e">stacks</subfield>
			<subfield code="8">23251927390003811</subfield>
			<subfield code="c">v.55 (1985)</subfield>
			<subfield code="a">2</subfield>
			<subfield code="q">2017-06-20 06:39:09</subfield>
			<subfield code="i">NA1 .A563</subfield>
			<subfield code="d">MAIN</subfield>
			<subfield code="f">MAIN</subfield>
		</datafield>
		<datafield ind1=" " ind2=" " tag="ITM">
			<subfield code="r">22251927700003811</subfield>
			<subfield code="b">1</subfield>
			<subfield code="h">0</subfield>
			<subfield code="g">stacks</subfield>
			<subfield code="t">ISSUE</subfield>
			<subfield code="9">39074017687492</subfield>
			<subfield code="e">stacks</subfield>
			<subfield code="8">23251927000003811</subfield>
			<subfield code="c">v.73 (Jul.-Dec. 2003)</subfield>
			<subfield code="a">2</subfield>
			<subfield code="q">2017-06-20 06:39:09</subfield>
			<subfield code="i">NA1 .A563</subfield>
			<subfield code="d">MAIN</subfield>
			<subfield code="f">MAIN</subfield>
		</datafield>
		<datafield ind1=" " ind2=" " tag="ITM">
			<subfield code="r">22251927700003811</subfield>
			<subfield code="b">1</subfield>
			<subfield code="h">0</subfield>
			<subfield code="g">stacks</subfield>
			<subfield code="t">ISSUE</subfield>
			<subfield code="9">39074017687484</subfield>
			<subfield code="e">stacks</subfield>
			<subfield code="8">23251927010003811</subfield>
			<subfield code="c">v.73 (Jan.-Jun. 2003)</subfield>
			<subfield code="a">2</subfield>
			<subfield code="q">2017-06-20 06:39:09</subfield>
			<subfield code="i">NA1 .A563</subfield>
			<subfield code="d">MAIN</subfield>
			<subfield code="f">MAIN</subfield>
		</datafield>
		<datafield ind1=" " ind2=" " tag="ITM">
			<subfield code="r">22251927700003811</subfield>
			<subfield code="b">1</subfield>
			<subfield code="h">0</subfield>
			<subfield code="g">stacks</subfield>
			<subfield code="t">ISSUE</subfield>
			<subfield code="9">39074017687625</subfield>
			<subfield code="e">stacks</subfield>
			<subfield code="8">23251927040003811</subfield>
			<subfield code="c">v.72 (Jan.-May 2002)</subfield>
			<subfield code="a">2</subfield>
			<subfield code="q">2017-06-20 06:39:09</subfield>
			<subfield code="i">NA1 .A563</subfield>
			<subfield code="d">MAIN</subfield>
			<subfield code="f">MAIN</subfield>
		</datafield>
		<datafield ind1=" " ind2=" " tag="ITM">
			<subfield code="r">22251927700003811</subfield>
			<subfield code="b">1</subfield>
			<subfield code="h">0</subfield>
			<subfield code="g">stacks</subfield>
			<subfield code="t">ISSUE</subfield>
			<subfield code="9">39074017687096</subfield>
			<subfield code="e">stacks</subfield>
			<subfield code="8">23251927210003811</subfield>
			<subfield code="c">v.67 (Jul.-Dec. 1997)</subfield>
			<subfield code="a">2</subfield>
			<subfield code="q">2017-06-20 06:39:09</subfield>
			<subfield code="i">NA1 .A563</subfield>
			<subfield code="d">MAIN</subfield>
			<subfield code="f">MAIN</subfield>
		</datafield>
		<datafield ind1=" " ind2=" " tag="ITM">
			<subfield code="r">22251926900003811</subfield>
			<subfield code="b">1</subfield>
			<subfield code="h">0</subfield>
			<subfield code="g">stacks</subfield>
			<subfield code="t">ISSUE</subfield>
			<subfield code="9">39074017500737</subfield>
			<subfield code="e">stacks</subfield>
			<subfield code="8">23251926890003811</subfield>
			<subfield code="c">v.75 (Jul.-Dec. 2005)</subfield>
			<subfield code="a">2</subfield>
			<subfield code="q">2017-06-20 06:39:09</subfield>
			<subfield code="i">NA1 .A563</subfield>
			<subfield code="d">AMBLER</subfield>
			<subfield code="f">AMBLER</subfield>
		</datafield>
		<datafield ind1=" " ind2=" " tag="ITM">
			<subfield code="r">22251927700003811</subfield>
			<subfield code="b">1</subfield>
			<subfield code="h">0</subfield>
			<subfield code="g">stacks</subfield>
			<subfield code="t">ISSUE</subfield>
			<subfield code="9">39074017687377</subfield>
			<subfield code="e">stacks</subfield>
			<subfield code="8">23251927170003811</subfield>
			<subfield code="c">v.68 (Jan.-Jun. 1998)</subfield>
			<subfield code="a">2</subfield>
			<subfield code="q">2017-06-20 06:39:09</subfield>
			<subfield code="i">NA1 .A563</subfield>
			<subfield code="d">MAIN</subfield>
			<subfield code="f">MAIN</subfield>
		</datafield>
		<datafield ind1=" " ind2=" " tag="ITM">
			<subfield code="r">22251927700003811</subfield>
			<subfield code="b">1</subfield>
			<subfield code="h">0</subfield>
			<subfield code="g">stacks</subfield>
			<subfield code="t">ISSUE</subfield>
			<subfield code="9">39074017687609</subfield>
			<subfield code="e">stacks</subfield>
			<subfield code="8">23251927500003811</subfield>
			<subfield code="c">v.45 (1975)</subfield>
			<subfield code="a">2</subfield>
			<subfield code="q">2017-06-20 06:39:09</subfield>
			<subfield code="i">NA1 .A563</subfield>
			<subfield code="d">MAIN</subfield>
			<subfield code="f">MAIN</subfield>
		</datafield>
		<datafield ind1=" " ind2=" " tag="ITM">
			<subfield code="r">22251927700003811</subfield>
			<subfield code="b">1</subfield>
			<subfield code="h">0</subfield>
			<subfield code="g">stacks</subfield>
			<subfield code="t">ISSUE</subfield>
			<subfield code="9">39074017687633</subfield>
			<subfield code="e">stacks</subfield>
			<subfield code="8">23251927080003811</subfield>
			<subfield code="c">v.71 (Jan.-Jun. 2001)</subfield>
			<subfield code="a">2</subfield>
			<subfield code="q">2017-06-20 06:39:09</subfield>
			<subfield code="i">NA1 .A563</subfield>
			<subfield code="d">MAIN</subfield>
			<subfield code="f">MAIN</subfield>
		</datafield>
		<datafield ind1=" " ind2=" " tag="ITM">
			<subfield code="r">22251927700003811</subfield>
			<subfield code="b">1</subfield>
			<subfield code="h">0</subfield>
			<subfield code="g">stacks</subfield>
			<subfield code="t">ISSUE</subfield>
			<subfield code="9">39074017687401</subfield>
			<subfield code="e">stacks</subfield>
			<subfield code="8">23251927410003811</subfield>
			<subfield code="c">v.53, no.1-6 (Jan.-Jun. 1983)</subfield>
			<subfield code="a">2</subfield>
			<subfield code="q">2017-06-20 06:39:09</subfield>
			<subfield code="i">NA1 .A563</subfield>
			<subfield code="d">MAIN</subfield>
			<subfield code="f">MAIN</subfield>
		</datafield>
		<datafield ind1=" " ind2=" " tag="ITM">
			<subfield code="r">22251927700003811</subfield>
			<subfield code="b">1</subfield>
			<subfield code="h">0</subfield>
			<subfield code="g">stacks</subfield>
			<subfield code="t">ISSUE</subfield>
			<subfield code="9">39074017687237</subfield>
			<subfield code="e">stacks</subfield>
			<subfield code="8">23251927230003811</subfield>
			<subfield code="c">v.66 (Jul.-Dec. 1996)</subfield>
			<subfield code="a">2</subfield>
			<subfield code="q">2017-06-20 06:39:09</subfield>
			<subfield code="i">NA1 .A563</subfield>
			<subfield code="d">MAIN</subfield>
			<subfield code="f">MAIN</subfield>
		</datafield>
		<datafield ind1=" " ind2=" " tag="ITM">
			<subfield code="r">22251927700003811</subfield>
			<subfield code="b">1</subfield>
			<subfield code="h">0</subfield>
			<subfield code="g">stacks</subfield>
			<subfield code="t">ISSUE</subfield>
			<subfield code="9">39074017687112</subfield>
			<subfield code="e">stacks</subfield>
			<subfield code="8">23251927300003811</subfield>
			<subfield code="c">v.63 (Jan.-Jun. 1993)</subfield>
			<subfield code="a">2</subfield>
			<subfield code="q">2017-06-20 06:39:09</subfield>
			<subfield code="i">NA1 .A563</subfield>
			<subfield code="d">MAIN</subfield>
			<subfield code="f">MAIN</subfield>
		</datafield>
		<datafield ind1=" " ind2=" " tag="ITM">
			<subfield code="r">22251927700003811</subfield>
			<subfield code="b">1</subfield>
			<subfield code="h">0</subfield>
			<subfield code="g">stacks</subfield>
			<subfield code="t">ISSUE</subfield>
			<subfield code="9">39074017687658</subfield>
			<subfield code="e">stacks</subfield>
			<subfield code="8">23251927320003811</subfield>
			<subfield code="c">v.62 (1992)</subfield>
			<subfield code="a">2</subfield>
			<subfield code="q">2017-06-20 06:39:09</subfield>
			<subfield code="i">NA1 .A563</subfield>
			<subfield code="d">MAIN</subfield>
			<subfield code="f">MAIN</subfield>
		</datafield>
		<datafield ind1=" " ind2=" " tag="ITM">
			<subfield code="r">22251927700003811</subfield>
			<subfield code="b">1</subfield>
			<subfield code="h">0</subfield>
			<subfield code="g">stacks</subfield>
			<subfield code="t">ISSUE</subfield>
			<subfield code="9">39074017687666</subfield>
			<subfield code="e">stacks</subfield>
			<subfield code="8">23251927340003811</subfield>
			<subfield code="c">v.60 (1990)</subfield>
			<subfield code="a">2</subfield>
			<subfield code="q">2017-06-20 06:39:09</subfield>
			<subfield code="i">NA1 .A563</subfield>
			<subfield code="d">MAIN</subfield>
			<subfield code="f">MAIN</subfield>
		</datafield>
		<datafield ind1=" " ind2=" " tag="ITM">
			<subfield code="r">22251927700003811</subfield>
			<subfield code="b">1</subfield>
			<subfield code="h">0</subfield>
			<subfield code="g">stacks</subfield>
			<subfield code="t">ISSUE</subfield>
			<subfield code="9">39074017687575</subfield>
			<subfield code="e">stacks</subfield>
			<subfield code="8">23251927610003811</subfield>
			<subfield code="c">v.35 (Sep.-Dec. 1965)</subfield>
			<subfield code="a">2</subfield>
			<subfield code="q">2017-06-20 06:39:09</subfield>
			<subfield code="i">NA1 .A563</subfield>
			<subfield code="d">MAIN</subfield>
			<subfield code="f">MAIN</subfield>
		</datafield>
		<datafield ind1=" " ind2=" " tag="ITM">
			<subfield code="r">22251927700003811</subfield>
			<subfield code="b">1</subfield>
			<subfield code="h">0</subfield>
			<subfield code="g">stacks</subfield>
			<subfield code="t">ISSUE</subfield>
			<subfield code="9">39074017687419</subfield>
			<subfield code="e">stacks</subfield>
			<subfield code="8">23251927450003811</subfield>
			<subfield code="c">v.50 (1980)</subfield>
			<subfield code="a">2</subfield>
			<subfield code="q">2017-06-20 06:39:09</subfield>
			<subfield code="i">NA1 .A563</subfield>
			<subfield code="d">MAIN</subfield>
			<subfield code="f">MAIN</subfield>
		</datafield>
		<datafield ind1=" " ind2=" " tag="ITM">
			<subfield code="r">22251927700003811</subfield>
			<subfield code="b">1</subfield>
			<subfield code="h">0</subfield>
			<subfield code="g">stacks</subfield>
			<subfield code="t">ISSUE</subfield>
			<subfield code="9">39074017687120</subfield>
			<subfield code="e">stacks</subfield>
			<subfield code="8">23251927360003811</subfield>
			<subfield code="c">v.58 (1988)</subfield>
			<subfield code="a">2</subfield>
			<subfield code="q">2017-06-20 06:39:09</subfield>
			<subfield code="i">NA1 .A563</subfield>
			<subfield code="d">MAIN</subfield>
			<subfield code="f">MAIN</subfield>
		</datafield>
		<datafield ind1=" " ind2=" " tag="ITM">
			<subfield code="r">22251927700003811</subfield>
			<subfield code="b">1</subfield>
			<subfield code="h">0</subfield>
			<subfield code="g">stacks</subfield>
			<subfield code="t">ISSUE</subfield>
			<subfield code="9">39074017687591</subfield>
			<subfield code="e">stacks</subfield>
			<subfield code="8">23251927520003811</subfield>
			<subfield code="c">v.43 (1973)</subfield>
			<subfield code="a">2</subfield>
			<subfield code="q">2017-06-20 06:39:09</subfield>
			<subfield code="i">NA1 .A563</subfield>
			<subfield code="d">MAIN</subfield>
			<subfield code="f">MAIN</subfield>
		</datafield>
		<datafield ind1=" " ind2=" " tag="ITM">
			<subfield code="r">22251927700003811</subfield>
			<subfield code="b">1</subfield>
			<subfield code="h">0</subfield>
			<subfield code="g">stacks</subfield>
			<subfield code="t">ISSUE</subfield>
			<subfield code="9">39074017687328</subfield>
			<subfield code="e">stacks</subfield>
			<subfield code="8">23251927540003811</subfield>
			<subfield code="c">v.41 (1971)</subfield>
			<subfield code="a">2</subfield>
			<subfield code="q">2017-06-20 06:39:09</subfield>
			<subfield code="i">NA1 .A563</subfield>
			<subfield code="d">MAIN</subfield>
			<subfield code="f">MAIN</subfield>
		</datafield>
		<datafield ind1=" " ind2=" " tag="ITM">
			<subfield code="r">22251927700003811</subfield>
			<subfield code="b">1</subfield>
			<subfield code="h">0</subfield>
			<subfield code="g">stacks</subfield>
			<subfield code="t">ISSUE</subfield>
			<subfield code="9">39074017687427</subfield>
			<subfield code="e">stacks</subfield>
			<subfield code="8">23251927470003811</subfield>
			<subfield code="c">v.48 (1978)</subfield>
			<subfield code="a">2</subfield>
			<subfield code="q">2017-06-20 06:39:09</subfield>
			<subfield code="i">NA1 .A563</subfield>
			<subfield code="d">MAIN</subfield>
			<subfield code="f">MAIN</subfield>
		</datafield>
		<datafield ind1=" " ind2=" " tag="ITM">
			<subfield code="r">22251927700003811</subfield>
			<subfield code="b">1</subfield>
			<subfield code="h">0</subfield>
			<subfield code="g">stacks</subfield>
			<subfield code="t">ISSUE</subfield>
			<subfield code="9">39074017687146</subfield>
			<subfield code="e">stacks</subfield>
			<subfield code="8">23251927430003811</subfield>
			<subfield code="c">v.52 (1982)</subfield>
			<subfield code="a">2</subfield>
			<subfield code="q">2017-06-20 06:39:09</subfield>
			<subfield code="i">NA1 .A563</subfield>
			<subfield code="d">MAIN</subfield>
			<subfield code="f">MAIN</subfield>
		</datafield>
		<datafield ind1=" " ind2=" " tag="ITM">
			<subfield code="r">22251927700003811</subfield>
			<subfield code="b">1</subfield>
			<subfield code="h">0</subfield>
			<subfield code="g">stacks</subfield>
			<subfield code="t">ISSUE</subfield>
			<subfield code="9">39074017687047</subfield>
			<subfield code="e">stacks</subfield>
			<subfield code="8">23251927580003811</subfield>
			<subfield code="c">v.37 (Jan.-Jun. 1967)</subfield>
			<subfield code="a">2</subfield>
			<subfield code="q">2017-06-20 06:39:09</subfield>
			<subfield code="i">NA1 .A563</subfield>
			<subfield code="d">MAIN</subfield>
			<subfield code="f">MAIN</subfield>
		</datafield>
		<datafield ind1=" " ind2=" " tag="ITM">
			<subfield code="r">22251927700003811</subfield>
			<subfield code="b">1</subfield>
			<subfield code="h">0</subfield>
			<subfield code="g">stacks</subfield>
			<subfield code="t">ISSUE</subfield>
			<subfield code="9">39074017687310</subfield>
			<subfield code="e">stacks</subfield>
			<subfield code="8">23251927560003811</subfield>
			<subfield code="c">v.39 (Jan.-Dec. 1969) Missing no.3</subfield>
			<subfield code="a">2</subfield>
			<subfield code="q">2017-06-20 06:39:09</subfield>
			<subfield code="i">NA1 .A563</subfield>
			<subfield code="d">MAIN</subfield>
			<subfield code="f">MAIN</subfield>
		</datafield>
		<datafield ind1=" " ind2=" " tag="ITM">
			<subfield code="r">22251927700003811</subfield>
			<subfield code="b">1</subfield>
			<subfield code="h">0</subfield>
			<subfield code="g">stacks</subfield>
			<subfield code="t">ISSUE</subfield>
			<subfield code="9">39074017687161</subfield>
			<subfield code="e">stacks</subfield>
			<subfield code="8">23251927670003811</subfield>
			<subfield code="c">v.33 (May-Jun. 1963)</subfield>
			<subfield code="a">2</subfield>
			<subfield code="q">2017-06-20 06:39:09</subfield>
			<subfield code="i">NA1 .A563</subfield>
			<subfield code="d">MAIN</subfield>
			<subfield code="f">MAIN</subfield>
		</datafield>
		<datafield ind1=" " ind2=" " tag="ITM">
			<subfield code="r">22251927700003811</subfield>
			<subfield code="b">1</subfield>
			<subfield code="h">0</subfield>
			<subfield code="g">stacks</subfield>
			<subfield code="t">ISSUE</subfield>
			<subfield code="9">39074017687435</subfield>
			<subfield code="e">stacks</subfield>
			<subfield code="8">23251927630003811</subfield>
			<subfield code="c">v.34 (Sep.-Dec. 1964)</subfield>
			<subfield code="a">2</subfield>
			<subfield code="q">2017-06-20 06:39:09</subfield>
			<subfield code="i">NA1 .A563</subfield>
			<subfield code="d">MAIN</subfield>
			<subfield code="f">MAIN</subfield>
		</datafield>
		<datafield ind1=" " ind2=" " tag="ITM">
			<subfield code="r">22251927700003811</subfield>
			<subfield code="b">1</subfield>
			<subfield code="h">0</subfield>
			<subfield code="g">stacks</subfield>
			<subfield code="t">ISSUE</subfield>
			<subfield code="9">39074017687674</subfield>
			<subfield code="e">stacks</subfield>
			<subfield code="8">23251927490003811</subfield>
			<subfield code="c">v.46 (1976)</subfield>
			<subfield code="a">2</subfield>
			<subfield code="q">2017-06-20 06:39:09</subfield>
			<subfield code="i">NA1 .A563</subfield>
			<subfield code="d">MAIN</subfield>
			<subfield code="f">MAIN</subfield>
		</datafield>
		<datafield ind1=" " ind2=" " tag="ITM">
			<subfield code="r">22251927700003811</subfield>
			<subfield code="b">1</subfield>
			<subfield code="h">0</subfield>
			<subfield code="g">stacks</subfield>
			<subfield code="t">ISSUE</subfield>
			<subfield code="9">39074017520958</subfield>
			<subfield code="e">stacks</subfield>
			<subfield code="8">23251926950003811</subfield>
			<subfield code="c">v.75 (Jul.-Dec. 2005)</subfield>
			<subfield code="a">2</subfield>
			<subfield code="q">2017-06-20 06:39:09</subfield>
			<subfield code="i">NA1 .A563</subfield>
			<subfield code="d">MAIN</subfield>
			<subfield code="f">MAIN</subfield>
		</datafield>
		<datafield ind1=" " ind2=" " tag="ITM">
			<subfield code="r">22251927700003811</subfield>
			<subfield code="b">1</subfield>
			<subfield code="h">0</subfield>
			<subfield code="g">stacks</subfield>
			<subfield code="t">ISSUE</subfield>
			<subfield code="9">39074025211673</subfield>
			<subfield code="e">stacks</subfield>
			<subfield code="8">23251926960003811</subfield>
			<subfield code="c">v.35 no.12 (Dec. 1965)</subfield>
			<subfield code="a">0</subfield>
			<subfield code="q">2017-06-20 06:39:09</subfield>
			<subfield code="i">NA1 .A563</subfield>
			<subfield code="d">MAIN</subfield>
			<subfield code="f">MAIN</subfield>
		</datafield>
		<datafield ind1=" " ind2=" " tag="ITM">
			<subfield code="r">22251927700003811</subfield>
			<subfield code="b">1</subfield>
			<subfield code="h">0</subfield>
			<subfield code="g">stacks</subfield>
			<subfield code="t">ISSUE</subfield>
			<subfield code="9">39074017687336</subfield>
			<subfield code="e">stacks</subfield>
			<subfield code="8">23251926990003811</subfield>
			<subfield code="c">v.74 (Jan.-Jun. 2004)</subfield>
			<subfield code="a">2</subfield>
			<subfield code="q">2017-06-20 06:39:09</subfield>
			<subfield code="i">NA1 .A563</subfield>
			<subfield code="d">MAIN</subfield>
			<subfield code="f">MAIN</subfield>
		</datafield>
		<datafield ind1=" " ind2=" " tag="ITM">
			<subfield code="r">22251927700003811</subfield>
			<subfield code="b">1</subfield>
			<subfield code="h">0</subfield>
			<subfield code="g">stacks</subfield>
			<subfield code="t">ISSUE</subfield>
			<subfield code="9">39074017687369</subfield>
			<subfield code="e">stacks</subfield>
			<subfield code="8">23251927120003811</subfield>
			<subfield code="c">v.69 (Jul.-Oct. 1999) Missing no.11-12</subfield>
			<subfield code="a">2</subfield>
			<subfield code="q">2017-06-20 06:39:09</subfield>
			<subfield code="i">NA1 .A563</subfield>
			<subfield code="d">MAIN</subfield>
			<subfield code="f">MAIN</subfield>
		</datafield>
		<datafield ind1=" " ind2=" " tag="ITM">
			<subfield code="r">22251927700003811</subfield>
			<subfield code="b">1</subfield>
			<subfield code="h">0</subfield>
			<subfield code="g">stacks</subfield>
			<subfield code="t">ISSUE</subfield>
			<subfield code="9">39074017687500</subfield>
			<subfield code="e">stacks</subfield>
			<subfield code="8">23251927130003811</subfield>
			<subfield code="c">v.69 (Jan.-Jun. 1999)</subfield>
			<subfield code="a">2</subfield>
			<subfield code="q">2017-06-20 06:39:09</subfield>
			<subfield code="i">NA1 .A563</subfield>
			<subfield code="d">MAIN</subfield>
			<subfield code="f">MAIN</subfield>
		</datafield>
		<datafield ind1=" " ind2=" " tag="ITM">
			<subfield code="r">22251927700003811</subfield>
			<subfield code="b">1</subfield>
			<subfield code="h">0</subfield>
			<subfield code="g">stacks</subfield>
			<subfield code="t">ISSUE</subfield>
			<subfield code="9">39074017687104</subfield>
			<subfield code="e">stacks</subfield>
			<subfield code="8">23251927290003811</subfield>
			<subfield code="c">v.63 (Jul.-Dec. 1993)</subfield>
			<subfield code="a">2</subfield>
			<subfield code="q">2017-06-20 06:39:09</subfield>
			<subfield code="i">NA1 .A563</subfield>
			<subfield code="d">MAIN</subfield>
			<subfield code="f">MAIN</subfield>
		</datafield>
		<datafield ind1=" " ind2=" " tag="ITM">
			<subfield code="r">22251927700003811</subfield>
			<subfield code="b">1</subfield>
			<subfield code="h">0</subfield>
			<subfield code="g">stacks</subfield>
			<subfield code="t">ISSUE</subfield>
			<subfield code="9">39074017687385</subfield>
			<subfield code="e">stacks</subfield>
			<subfield code="8">23251927270003811</subfield>
			<subfield code="c">v.64 (Jul.-Dec. 1994)</subfield>
			<subfield code="a">2</subfield>
			<subfield code="q">2017-06-20 06:39:09</subfield>
			<subfield code="i">NA1 .A563</subfield>
			<subfield code="d">MAIN</subfield>
			<subfield code="f">MAIN</subfield>
		</datafield>
		<datafield ind1=" " ind2=" " tag="ITM">
			<subfield code="r">22251927700003811</subfield>
			<subfield code="b">1</subfield>
			<subfield code="h">0</subfield>
			<subfield code="g">stacks</subfield>
			<subfield code="t">ISSUE</subfield>
			<subfield code="9">39074017687245</subfield>
			<subfield code="e">stacks</subfield>
			<subfield code="8">23251927280003811</subfield>
			<subfield code="c">v.64 (Jan.-Jun. 1994)</subfield>
			<subfield code="a">2</subfield>
			<subfield code="q">2017-06-20 06:39:09</subfield>
			<subfield code="i">NA1 .A563</subfield>
			<subfield code="d">MAIN</subfield>
			<subfield code="f">MAIN</subfield>
		</datafield>
		<datafield ind1=" " ind2=" " tag="ITM">
			<subfield code="r">22251927700003811</subfield>
			<subfield code="b">1</subfield>
			<subfield code="h">0</subfield>
			<subfield code="g">stacks</subfield>
			<subfield code="t">ISSUE</subfield>
			<subfield code="9">39074022701171</subfield>
			<subfield code="e">stacks</subfield>
			<subfield code="8">23251926940003811</subfield>
			<subfield code="c">v.32, no.12 (Dec. 1962)</subfield>
			<subfield code="a">0</subfield>
			<subfield code="q">2017-06-20 06:39:09</subfield>
			<subfield code="i">NA1 .A563</subfield>
			<subfield code="d">MAIN</subfield>
			<subfield code="f">MAIN</subfield>
		</datafield>
		<datafield ind1=" " ind2=" " tag="ITM">
			<subfield code="r">22251927700003811</subfield>
			<subfield code="b">1</subfield>
			<subfield code="h">0</subfield>
			<subfield code="g">stacks</subfield>
			<subfield code="t">ISSUE</subfield>
			<subfield code="9">39074017687344</subfield>
			<subfield code="e">stacks</subfield>
			<subfield code="8">23251926970003811</subfield>
			<subfield code="c">v.75 (Jan.-Jun. 2005)</subfield>
			<subfield code="a">2</subfield>
			<subfield code="q">2017-06-20 06:39:09</subfield>
			<subfield code="i">NA1 .A563</subfield>
			<subfield code="d">MAIN</subfield>
			<subfield code="f">MAIN</subfield>
		</datafield>
		<datafield ind1=" " ind2=" " tag="ITM">
			<subfield code="r">22251927700003811</subfield>
			<subfield code="b">1</subfield>
			<subfield code="h">0</subfield>
			<subfield code="g">stacks</subfield>
			<subfield code="t">ISSUE</subfield>
			<subfield code="9">39074017368531</subfield>
			<subfield code="e">stacks</subfield>
			<subfield code="8">23251926980003811</subfield>
			<subfield code="c">v.74 (Jul.-Dec. 2004)</subfield>
			<subfield code="a">2</subfield>
			<subfield code="q">2017-06-20 06:39:09</subfield>
			<subfield code="i">NA1 .A563</subfield>
			<subfield code="d">MAIN</subfield>
			<subfield code="f">MAIN</subfield>
		</datafield>
		<datafield ind1=" " ind2=" " tag="ITM">
			<subfield code="r">22251927700003811</subfield>
			<subfield code="b">1</subfield>
			<subfield code="h">0</subfield>
			<subfield code="g">stacks</subfield>
			<subfield code="t">ISSUE</subfield>
			<subfield code="9">39074017687088</subfield>
			<subfield code="e">stacks</subfield>
			<subfield code="8">23251927100003811</subfield>
			<subfield code="c">v.70 (Jul.-Dec. 2000)</subfield>
			<subfield code="a">2</subfield>
			<subfield code="q">2017-06-20 06:39:09</subfield>
			<subfield code="i">NA1 .A563</subfield>
			<subfield code="d">MAIN</subfield>
			<subfield code="f">MAIN</subfield>
		</datafield>
		<datafield ind1=" " ind2=" " tag="ITM">
			<subfield code="r">22251927700003811</subfield>
			<subfield code="b">1</subfield>
			<subfield code="h">0</subfield>
			<subfield code="g">stacks</subfield>
			<subfield code="t">ISSUE</subfield>
			<subfield code="9">39074017687229</subfield>
			<subfield code="e">stacks</subfield>
			<subfield code="8">23251927110003811</subfield>
			<subfield code="c">v.70 (Jan.-Jun. 2000)</subfield>
			<subfield code="a">2</subfield>
			<subfield code="q">2017-06-20 06:39:09</subfield>
			<subfield code="i">NA1 .A563</subfield>
			<subfield code="d">MAIN</subfield>
			<subfield code="f">MAIN</subfield>
		</datafield>
		<datafield ind1=" " ind2=" " tag="ITM">
			<subfield code="r">22251927700003811</subfield>
			<subfield code="b">1</subfield>
			<subfield code="h">0</subfield>
			<subfield code="g">stacks</subfield>
			<subfield code="t">ISSUE</subfield>
			<subfield code="9">39074017687518</subfield>
			<subfield code="e">stacks</subfield>
			<subfield code="8">23251927140003811</subfield>
			<subfield code="c">v.68 (Jul.-Dec. 1998)</subfield>
			<subfield code="a">2</subfield>
			<subfield code="q">2017-06-20 06:39:09</subfield>
			<subfield code="i">NA1 .A563</subfield>
			<subfield code="d">MAIN</subfield>
			<subfield code="f">MAIN</subfield>
		</datafield>
		<datafield ind1=" " ind2=" " tag="ITM">
			<subfield code="r">22251926920003811</subfield>
			<subfield code="b">0</subfield>
			<subfield code="u">MISSING</subfield>
			<subfield code="h">0</subfield>
			<subfield code="g">p_remote</subfield>
			<subfield code="t">ISSUE</subfield>
			<subfield code="9">39074005699574</subfield>
			<subfield code="e">p_remote</subfield>
			<subfield code="8">23251926910003811</subfield>
			<subfield code="c">v.48</subfield>
			<subfield code="a">0</subfield>
			<subfield code="q">2017-06-20 06:39:09</subfield>
			<subfield code="i">NA1 .A563</subfield>
			<subfield code="d">KARDON</subfield>
			<subfield code="f">KARDON</subfield>
		</datafield>
		<datafield ind1=" " ind2=" " tag="ITM">
			<subfield code="r">22251927700003811</subfield>
			<subfield code="b">1</subfield>
			<subfield code="h">0</subfield>
			<subfield code="g">stacks</subfield>
			<subfield code="t">ISSUE</subfield>
			<subfield code="9">39074022864680</subfield>
			<subfield code="e">stacks</subfield>
			<subfield code="8">23251926930003811</subfield>
			<subfield code="c">v.34 no.2 (Feb. 1964)</subfield>
			<subfield code="a">0</subfield>
			<subfield code="q">2017-06-20 06:39:09</subfield>
			<subfield code="i">NA1 .A563</subfield>
			<subfield code="d">MAIN</subfield>
			<subfield code="f">MAIN</subfield>
		</datafield>
		<datafield ind1=" " ind2=" " tag="ITM">
			<subfield code="r">22251927700003811</subfield>
			<subfield code="b">1</subfield>
			<subfield code="h">0</subfield>
			<subfield code="g">stacks</subfield>
			<subfield code="t">ISSUE</subfield>
			<subfield code="9">39074017687641</subfield>
			<subfield code="e">stacks</subfield>
			<subfield code="8">23251927330003811</subfield>
			<subfield code="c">v.61 (1991)</subfield>
			<subfield code="a">2</subfield>
			<subfield code="q">2017-06-20 06:39:09</subfield>
			<subfield code="i">NA1 .A563</subfield>
			<subfield code="d">MAIN</subfield>
			<subfield code="f">MAIN</subfield>
		</datafield>
		<datafield ind1=" " ind2=" " tag="ITM">
			<subfield code="r">22251927700003811</subfield>
			<subfield code="b">1</subfield>
			<subfield code="h">0</subfield>
			<subfield code="g">stacks</subfield>
			<subfield code="t">ISSUE</subfield>
			<subfield code="9">39074017687278</subfield>
			<subfield code="e">stacks</subfield>
			<subfield code="8">23251927420003811</subfield>
			<subfield code="c">v.53, no.7-12 (Jul.-Dec. 1983)</subfield>
			<subfield code="a">2</subfield>
			<subfield code="q">2017-06-20 06:39:09</subfield>
			<subfield code="i">NA1 .A563</subfield>
			<subfield code="d">MAIN</subfield>
			<subfield code="f">MAIN</subfield>
		</datafield>
		<datafield ind1=" " ind2=" " tag="ITM">
			<subfield code="r">22251927700003811</subfield>
			<subfield code="b">1</subfield>
			<subfield code="h">0</subfield>
			<subfield code="g">stacks</subfield>
			<subfield code="t">ISSUE</subfield>
			<subfield code="9">39074017687526</subfield>
			<subfield code="e">stacks</subfield>
			<subfield code="8">23251927240003811</subfield>
			<subfield code="c">v.65 (Jul.-Dec. 1995)</subfield>
			<subfield code="a">2</subfield>
			<subfield code="q">2017-06-20 06:39:09</subfield>
			<subfield code="i">NA1 .A563</subfield>
			<subfield code="d">MAIN</subfield>
			<subfield code="f">MAIN</subfield>
		</datafield>
		<datafield ind1=" " ind2=" " tag="ITM">
			<subfield code="r">22251927700003811</subfield>
			<subfield code="b">1</subfield>
			<subfield code="h">0</subfield>
			<subfield code="g">stacks</subfield>
			<subfield code="t">ISSUE</subfield>
			<subfield code="9">39074017687468</subfield>
			<subfield code="e">stacks</subfield>
			<subfield code="8">23251927510003811</subfield>
			<subfield code="c">v.44 (1974)</subfield>
			<subfield code="a">2</subfield>
			<subfield code="q">2017-06-20 06:39:09</subfield>
			<subfield code="i">NA1 .A563</subfield>
			<subfield code="d">MAIN</subfield>
			<subfield code="f">MAIN</subfield>
		</datafield>
		<datafield ind1=" " ind2=" " tag="ITM">
			<subfield code="r">22251927700003811</subfield>
			<subfield code="b">1</subfield>
			<subfield code="h">0</subfield>
			<subfield code="g">stacks</subfield>
			<subfield code="t">ISSUE</subfield>
			<subfield code="9">39074017687252</subfield>
			<subfield code="e">stacks</subfield>
			<subfield code="8">23251927310003811</subfield>
			<subfield code="c">v.62, no.7-12 (1992)</subfield>
			<subfield code="a">2</subfield>
			<subfield code="q">2017-06-20 06:39:09</subfield>
			<subfield code="i">NA1 .A563</subfield>
			<subfield code="d">MAIN</subfield>
			<subfield code="f">MAIN</subfield>
		</datafield>
		<datafield ind1=" " ind2=" " tag="ITM">
			<subfield code="r">22251927700003811</subfield>
			<subfield code="b">1</subfield>
			<subfield code="h">0</subfield>
			<subfield code="g">stacks</subfield>
			<subfield code="t">ISSUE</subfield>
			<subfield code="9">39074017687393</subfield>
			<subfield code="e">stacks</subfield>
			<subfield code="8">23251927350003811</subfield>
			<subfield code="c">v.59 (1989)</subfield>
			<subfield code="a">2</subfield>
			<subfield code="q">2017-06-20 06:39:09</subfield>
			<subfield code="i">NA1 .A563</subfield>
			<subfield code="d">MAIN</subfield>
			<subfield code="f">MAIN</subfield>
		</datafield>
		<datafield ind1=" " ind2=" " tag="ITM">
			<subfield code="r">22251927700003811</subfield>
			<subfield code="b">1</subfield>
			<subfield code="h">0</subfield>
			<subfield code="g">stacks</subfield>
			<subfield code="t">ISSUE</subfield>
			<subfield code="9">39074017687583</subfield>
			<subfield code="e">stacks</subfield>
			<subfield code="8">23251927600003811</subfield>
			<subfield code="c">v.36 (Jan.-Jun. 1966)</subfield>
			<subfield code="a">2</subfield>
			<subfield code="q">2017-06-20 06:39:09</subfield>
			<subfield code="i">NA1 .A563</subfield>
			<subfield code="d">MAIN</subfield>
			<subfield code="f">MAIN</subfield>
		</datafield>
		<datafield ind1=" " ind2=" " tag="ITM">
			<subfield code="r">22251927700003811</subfield>
			<subfield code="b">1</subfield>
			<subfield code="h">0</subfield>
			<subfield code="g">stacks</subfield>
			<subfield code="t">ISSUE</subfield>
			<subfield code="9">39074017687617</subfield>
			<subfield code="e">stacks</subfield>
			<subfield code="8">23251927070003811</subfield>
			<subfield code="c">v.71 (Jul.-Nov. 2001)</subfield>
			<subfield code="a">2</subfield>
			<subfield code="q">2017-06-20 06:39:09</subfield>
			<subfield code="i">NA1 .A563</subfield>
			<subfield code="d">MAIN</subfield>
			<subfield code="f">MAIN</subfield>
		</datafield>
		<datafield ind1=" " ind2=" " tag="ITM">
			<subfield code="r">22251927700003811</subfield>
			<subfield code="b">1</subfield>
			<subfield code="h">0</subfield>
			<subfield code="g">stacks</subfield>
			<subfield code="t">ISSUE</subfield>
			<subfield code="9">39074017687534</subfield>
			<subfield code="e">stacks</subfield>
			<subfield code="8">23251927370003811</subfield>
			<subfield code="c">v.57 (1987)</subfield>
			<subfield code="a">2</subfield>
			<subfield code="q">2017-06-20 06:39:09</subfield>
			<subfield code="i">NA1 .A563</subfield>
			<subfield code="d">MAIN</subfield>
			<subfield code="f">MAIN</subfield>
		</datafield>
		<datafield ind1=" " ind2=" " tag="ITM">
			<subfield code="r">22251927700003811</subfield>
			<subfield code="b">1</subfield>
			<subfield code="h">0</subfield>
			<subfield code="g">stacks</subfield>
			<subfield code="t">ISSUE</subfield>
			<subfield code="9">39074017687450</subfield>
			<subfield code="e">stacks</subfield>
			<subfield code="8">23251927530003811</subfield>
			<subfield code="c">v.42 (1972)</subfield>
			<subfield code="a">2</subfield>
			<subfield code="q">2017-06-20 06:39:09</subfield>
			<subfield code="i">NA1 .A563</subfield>
			<subfield code="d">MAIN</subfield>
			<subfield code="f">MAIN</subfield>
		</datafield>
		<datafield ind1=" " ind2=" " tag="ITM">
			<subfield code="r">22251927700003811</subfield>
			<subfield code="b">1</subfield>
			<subfield code="h">0</subfield>
			<subfield code="g">stacks</subfield>
			<subfield code="t">ISSUE</subfield>
			<subfield code="9">39074017687187</subfield>
			<subfield code="e">stacks</subfield>
			<subfield code="8">23251927550003811</subfield>
			<subfield code="c">v.40 (Jan.-May 1970)</subfield>
			<subfield code="a">2</subfield>
			<subfield code="q">2017-06-20 06:39:09</subfield>
			<subfield code="i">NA1 .A563</subfield>
			<subfield code="d">MAIN</subfield>
			<subfield code="f">MAIN</subfield>
		</datafield>
		<datafield ind1=" " ind2=" " tag="ITM">
			<subfield code="r">22251927700003811</subfield>
			<subfield code="b">1</subfield>
			<subfield code="h">0</subfield>
			<subfield code="g">stacks</subfield>
			<subfield code="t">ISSUE</subfield>
			<subfield code="9">39074017687138</subfield>
			<subfield code="e">stacks</subfield>
			<subfield code="8">23251927400003811</subfield>
			<subfield code="c">v.54 (1984)</subfield>
			<subfield code="a">2</subfield>
			<subfield code="q">2017-06-20 06:39:09</subfield>
			<subfield code="i">NA1 .A563</subfield>
			<subfield code="d">MAIN</subfield>
			<subfield code="f">MAIN</subfield>
		</datafield>
		<datafield ind1=" " ind2=" " tag="ITM">
			<subfield code="r">22251927700003811</subfield>
			<subfield code="b">1</subfield>
			<subfield code="h">0</subfield>
			<subfield code="g">stacks</subfield>
			<subfield code="t">ISSUE</subfield>
			<subfield code="9">39074017687559</subfield>
			<subfield code="e">stacks</subfield>
			<subfield code="8">23251927440003811</subfield>
			<subfield code="c">v.51 (1981)</subfield>
			<subfield code="a">2</subfield>
			<subfield code="q">2017-06-20 06:39:09</subfield>
			<subfield code="i">NA1 .A563</subfield>
			<subfield code="d">MAIN</subfield>
			<subfield code="f">MAIN</subfield>
		</datafield>
		<datafield ind1=" " ind2=" " tag="ITM">
			<subfield code="r">22251927700003811</subfield>
			<subfield code="b">1</subfield>
			<subfield code="h">0</subfield>
			<subfield code="g">stacks</subfield>
			<subfield code="t">ISSUE</subfield>
			<subfield code="9">39074017687286</subfield>
			<subfield code="e">stacks</subfield>
			<subfield code="8">23251927460003811</subfield>
			<subfield code="c">v.49 (1979)</subfield>
			<subfield code="a">2</subfield>
			<subfield code="q">2017-06-20 06:39:09</subfield>
			<subfield code="i">NA1 .A563</subfield>
			<subfield code="d">MAIN</subfield>
			<subfield code="f">MAIN</subfield>
		</datafield>
		<datafield ind1=" " ind2=" " tag="ITM">
			<subfield code="r">22251927700003811</subfield>
			<subfield code="b">1</subfield>
			<subfield code="h">0</subfield>
			<subfield code="g">stacks</subfield>
			<subfield code="t">ISSUE</subfield>
			<subfield code="9">39074017687567</subfield>
			<subfield code="e">stacks</subfield>
			<subfield code="8">23251927480003811</subfield>
			<subfield code="c">v.47 (1977)</subfield>
			<subfield code="a">2</subfield>
			<subfield code="q">2017-06-20 06:39:09</subfield>
			<subfield code="i">NA1 .A563</subfield>
			<subfield code="d">MAIN</subfield>
			<subfield code="f">MAIN</subfield>
		</datafield>
		<datafield ind1=" " ind2=" " tag="ITM">
			<subfield code="r">22251927700003811</subfield>
			<subfield code="b">1</subfield>
			<subfield code="h">0</subfield>
			<subfield code="g">stacks</subfield>
			<subfield code="t">ISSUE</subfield>
			<subfield code="9">39074017687179</subfield>
			<subfield code="e">stacks</subfield>
			<subfield code="8">23251927570003811</subfield>
			<subfield code="c">v.37-38 (Jul.-Nov. 1967-Mar. 1968)</subfield>
			<subfield code="a">2</subfield>
			<subfield code="q">2017-06-20 06:39:09</subfield>
			<subfield code="i">NA1 .A563</subfield>
			<subfield code="d">MAIN</subfield>
			<subfield code="f">MAIN</subfield>
		</datafield>
		<datafield ind1=" " ind2=" " tag="ITM">
			<subfield code="r">22251927700003811</subfield>
			<subfield code="b">1</subfield>
			<subfield code="h">0</subfield>
			<subfield code="g">stacks</subfield>
			<subfield code="t">ISSUE</subfield>
			<subfield code="9">39074017687294</subfield>
			<subfield code="e">stacks</subfield>
			<subfield code="8">23251927660003811</subfield>
			<subfield code="c">v.34 (Jan.-Apr. 1964)</subfield>
			<subfield code="a">2</subfield>
			<subfield code="q">2017-06-20 06:39:09</subfield>
			<subfield code="i">NA1 .A563</subfield>
			<subfield code="d">MAIN</subfield>
			<subfield code="f">MAIN</subfield>
		</datafield>
		<datafield ind1=" " ind2=" " tag="ITM">
			<subfield code="r">22251927700003811</subfield>
			<subfield code="b">1</subfield>
			<subfield code="h">0</subfield>
			<subfield code="g">stacks</subfield>
			<subfield code="t">ISSUE</subfield>
			<subfield code="9">39074017687039</subfield>
			<subfield code="e">stacks</subfield>
			<subfield code="8">23251927590003811</subfield>
			<subfield code="c">v.36 (Jul.-Dec. 1966)</subfield>
			<subfield code="a">2</subfield>
			<subfield code="q">2017-06-20 06:39:09</subfield>
			<subfield code="i">NA1 .A563</subfield>
			<subfield code="d">MAIN</subfield>
			<subfield code="f">MAIN</subfield>
		</datafield>
		<datafield ind1=" " ind2=" " tag="ITM">
			<subfield code="r">22251927700003811</subfield>
			<subfield code="b">1</subfield>
			<subfield code="h">0</subfield>
			<subfield code="g">stacks</subfield>
			<subfield code="t">ISSUE</subfield>
			<subfield code="9">39074017687302</subfield>
			<subfield code="e">stacks</subfield>
			<subfield code="8">23251927640003811</subfield>
			<subfield code="c">v.34 (May-Aug. 1964)</subfield>
			<subfield code="a">2</subfield>
			<subfield code="q">2017-06-20 06:39:09</subfield>
			<subfield code="i">NA1 .A563</subfield>
			<subfield code="d">MAIN</subfield>
			<subfield code="f">MAIN</subfield>
		</datafield>
		<datafield ind1=" " ind2=" " tag="ITM">
			<subfield code="r">22251927700003811</subfield>
			<subfield code="b">1</subfield>
			<subfield code="h">0</subfield>
			<subfield code="g">stacks</subfield>
			<subfield code="t">ISSUE</subfield>
			<subfield code="9">39074017687443</subfield>
			<subfield code="e">stacks</subfield>
			<subfield code="8">23251927620003811</subfield>
			<subfield code="c">v.35 (Feb.-Aug. 1965)</subfield>
			<subfield code="a">2</subfield>
			<subfield code="q">2017-06-20 06:39:09</subfield>
			<subfield code="i">NA1 .A563</subfield>
			<subfield code="d">MAIN</subfield>
			<subfield code="f">MAIN</subfield>
		</datafield>
	</record>