
	<record>
		<leader>04300cas a2200781 a 4500</leader>
		<controlfield tag="005">20181004161713.0</controlfield>
		<controlfield tag="008">750921c18579999nyudr ne 0 a0eng c</controlfield>
		<controlfield tag="001">991036937994003811</controlfield>
		<datafield ind1=" " ind2=" " tag="010">
			<subfield code="a">sn 78004456</subfield>
		</datafield>
		<datafield ind1=" " ind2=" " tag="019">
			<subfield code="a">11597235</subfield>
			<subfield code="a">11630839</subfield>
			<subfield code="a">213478785</subfield>
			<subfield code="a">557807843</subfield>
			<subfield code="a">731477246</subfield>
			<subfield code="a">993898526</subfield>
			<subfield code="a">1033136477</subfield>
		</datafield>
		<datafield ind1="0" ind2=" " tag="022">
			<subfield code="a">0362-4331</subfield>
			<subfield code="l">0362-4331</subfield>
			<subfield code="2">1</subfield>
		</datafield>
		<datafield ind1=" " ind2=" " tag="030">
			<subfield code="a">NYTIAO</subfield>
		</datafield>
		<datafield ind1=" " ind2=" " tag="032">
			<subfield code="a">383520</subfield>
			<subfield code="b">USPS</subfield>
		</datafield>
		<datafield ind1=" " ind2=" " tag="035">
			<subfield code="a">(OCoLC)1645522</subfield>
			<subfield code="z">(OCoLC)11597235</subfield>
			<subfield code="z">(OCoLC)11630839</subfield>
			<subfield code="z">(OCoLC)213478785</subfield>
			<subfield code="z">(OCoLC)557807843</subfield>
			<subfield code="z">(OCoLC)731477246</subfield>
			<subfield code="z">(OCoLC)993898526</subfield>
			<subfield code="z">(OCoLC)1033136477</subfield>
		</datafield>
		<datafield ind1=" " ind2=" " tag="035">
			<subfield code="a">(OCoLC)ocm01645522</subfield>
		</datafield>
		<datafield ind1=" " ind2=" " tag="040">
			<subfield code="a">MUL</subfield>
			<subfield code="b">eng</subfield>
			<subfield code="c">MUL</subfield>
			<subfield code="d">NSD</subfield>
			<subfield code="d">IUL</subfield>
			<subfield code="d">DLC</subfield>
			<subfield code="d">SER</subfield>
			<subfield code="d">AIP</subfield>
			<subfield code="d">SER</subfield>
			<subfield code="d">AIP</subfield>
			<subfield code="d">NPI</subfield>
			<subfield code="d">IUL</subfield>
			<subfield code="d">AIP</subfield>
			<subfield code="d">NPI</subfield>
			<subfield code="d">NPX</subfield>
			<subfield code="d">NPA</subfield>
			<subfield code="d">DLC</subfield>
			<subfield code="d">AIP</subfield>
			<subfield code="d">UNP</subfield>
			<subfield code="d">OCL</subfield>
			<subfield code="d">DLC</subfield>
			<subfield code="d">NSD</subfield>
			<subfield code="d">DLC</subfield>
			<subfield code="d">NSD</subfield>
			<subfield code="d">AGL</subfield>
			<subfield code="d">NSD</subfield>
			<subfield code="d">AGL</subfield>
			<subfield code="d">MGN</subfield>
			<subfield code="d">NYS</subfield>
			<subfield code="d">NYG</subfield>
			<subfield code="d">MXC</subfield>
			<subfield code="d">OCL</subfield>
			<subfield code="d">HUL</subfield>
			<subfield code="d">CUS</subfield>
			<subfield code="d">NYG</subfield>
			<subfield code="d">DLC</subfield>
			<subfield code="d">OCL</subfield>
			<subfield code="d">DLC</subfield>
			<subfield code="d">NYS</subfield>
			<subfield code="d">NVF</subfield>
			<subfield code="d">NLM</subfield>
			<subfield code="d">OCLCQ</subfield>
			<subfield code="d">NVF</subfield>
			<subfield code="d">NYS</subfield>
			<subfield code="d">NVF</subfield>
			<subfield code="d">DLC</subfield>
			<subfield code="d">NYS</subfield>
			<subfield code="d">NSD</subfield>
			<subfield code="d">ZYU</subfield>
			<subfield code="d">OCLCQ</subfield>
			<subfield code="d">DLC</subfield>
			<subfield code="d">MBB</subfield>
			<subfield code="d">DLC</subfield>
			<subfield code="d">OCLCQ</subfield>
			<subfield code="d">KRTAS</subfield>
			<subfield code="d">OCLCQ</subfield>
			<subfield code="d">DLC</subfield>
			<subfield code="d">OCLCQ</subfield>
			<subfield code="d">QT4</subfield>
			<subfield code="d">HF7</subfield>
			<subfield code="d">OCLCO</subfield>
			<subfield code="d">OCLCQ</subfield>
			<subfield code="d">P4I</subfield>
			<subfield code="d">OCLCO</subfield>
			<subfield code="d">OCLCF</subfield>
			<subfield code="d">OCLCO</subfield>
			<subfield code="d">OVY</subfield>
			<subfield code="d">OCLCO</subfield>
			<subfield code="d">OCLCA</subfield>
			<subfield code="d">OCLCQ</subfield>
			<subfield code="d">OCLCO</subfield>
			<subfield code="d">DOS</subfield>
			<subfield code="d">OCLCO</subfield>
			<subfield code="d">OCL</subfield>
			<subfield code="d">OCLCO</subfield>
			<subfield code="d">GZM</subfield>
			<subfield code="d">DLC</subfield>
			<subfield code="d">INU</subfield>
			<subfield code="d">DLC</subfield>
			<subfield code="d">AQM</subfield>
			<subfield code="d">YVO</subfield>
			<subfield code="d">UCW</subfield>
			<subfield code="d">NLC</subfield>
			<subfield code="d">OCLCQ</subfield>
		</datafield>
		<datafield ind1=" " ind2=" " tag="042">
			<subfield code="a">nsdp</subfield>
			<subfield code="a">pcc</subfield>
		</datafield>
		<datafield ind1=" " ind2=" " tag="043">
			<subfield code="a">n-us-ny</subfield>
		</datafield>
		<datafield ind1="0" ind2="0" tag="050">
			<subfield code="a">Newspaper</subfield>
		</datafield>
		<datafield ind1="1" ind2="4" tag="050">
			<subfield code="a">PN4899.N45</subfield>
			<subfield code="b">N48</subfield>
		</datafield>
		<datafield ind1=" " ind2="0" tag="072">
			<subfield code="a">X000</subfield>
		</datafield>
		<datafield ind1="0" ind2="4" tag="082">
			<subfield code="a">071.471</subfield>
		</datafield>
		<datafield ind1="0" ind2=" " tag="210">
			<subfield code="a">N.Y. times</subfield>
		</datafield>
		<datafield ind1=" " ind2="4" tag="222">
			<subfield code="a">The New York times</subfield>
		</datafield>
		<datafield ind1="0" ind2="4" tag="245">
			<subfield code="a">The New York times.</subfield>
		</datafield>
		<datafield ind1="1" ind2=" " tag="246">
			<subfield code="i">Published jointly with other newspapers on Sept. 19-26, 1923 as:</subfield>
			<subfield code="a">Combined New York morning newspapers</subfield>
		</datafield>
		<datafield ind1="1" ind2=" " tag="246">
			<subfield code="i">Published jointly with other newspapers on Sept. 23, 1923 as:</subfield>
			<subfield code="a">Combined New York Sunday newspapers</subfield>
		</datafield>
		<datafield ind1=" " ind2=" " tag="260">
			<subfield code="a">New-York [N.Y.] :</subfield>
			<subfield code="b">[H.J. Raymond and Co.],</subfield>
			<subfield code="c">1857-</subfield>
		</datafield>
		<datafield ind1=" " ind2=" " tag="300">
			<subfield code="a">volumes :</subfield>
			<subfield code="b">illustrations ;</subfield>
			<subfield code="c">56 cm</subfield>
		</datafield>
		<datafield ind1=" " ind2=" " tag="310">
			<subfield code="a">Daily,</subfield>
			<subfield code="b">Apr. 21, 1861-</subfield>
		</datafield>
		<datafield ind1=" " ind2=" " tag="321">
			<subfield code="a">Daily (except Sunday),</subfield>
			<subfield code="b">1857-Apr. 20, 1861</subfield>
		</datafield>
		<datafield ind1=" " ind2=" " tag="336">
			<subfield code="a">text</subfield>
			<subfield code="b">txt</subfield>
			<subfield code="2">rdacontent</subfield>
		</datafield>
		<datafield ind1=" " ind2=" " tag="337">
			<subfield code="a">unmediated</subfield>
			<subfield code="b">n</subfield>
			<subfield code="2">rdamedia</subfield>
		</datafield>
		<datafield ind1=" " ind2=" " tag="338">
			<subfield code="a">volume</subfield>
			<subfield code="b">nc</subfield>
			<subfield code="2">rdacarrier</subfield>
		</datafield>
		<datafield ind1="0" ind2=" " tag="362">
			<subfield code="a">Vol. 6, no. 1868 (Sept. 14, 1857)-</subfield>
		</datafield>
		<datafield ind1=" " ind2=" " tag="515">
			<subfield code="a">Suspended Dec. 12-28, 1958; Dec. 20, 1962-Mar. 1963; Sept. 17-Oct. 10, 1965; and Aug. 10-Nov. 5, 1978.</subfield>
		</datafield>
		<datafield ind1=" " ind2=" " tag="530">
			<subfield code="a">Also issued in a continuously updated online version with title: New York times on the web.</subfield>
		</datafield>
		<datafield ind1=" " ind2=" " tag="530">
			<subfield code="a">Also issued on CD-ROM, and microfilm from UMI.</subfield>
		</datafield>
		<datafield ind1=" " ind2=" " tag="580">
			<subfield code="a">Large type ed.: New York times large type weekly, 1967-</subfield>
		</datafield>
		<datafield ind1=" " ind2=" " tag="580">
			<subfield code="a">Sunday issue also includes issues of: The New York times book review.</subfield>
		</datafield>
		<datafield ind1=" " ind2=" " tag="580">
			<subfield code="a">Semiweekly eds.: Semi-weekly times (New York, N.Y.), 1857-1867, and: New-York semi-weekly times, 1867-</subfield>
		</datafield>
		<datafield ind1=" " ind2=" " tag="580">
			<subfield code="a">Weekly ed.: New-York weekly times, 1857-.</subfield>
		</datafield>
		<datafield ind1=" " ind2=" " tag="580">
			<subfield code="a">Issued monthly in a reduced size publication titled: Little times.</subfield>
		</datafield>
		<datafield ind1=" " ind2=" " tag="588">
			<subfield code="a">Latest issue consulted: Vol. 151, no. 52,028 (Feb. 13, 2002).</subfield>
		</datafield>
		<datafield ind1=" " ind2="0" tag="651">
			<subfield code="a">New York (N.Y.)</subfield>
			<subfield code="v">Newspapers.</subfield>
		</datafield>
		<datafield ind1=" " ind2="0" tag="651">
			<subfield code="a">New York County (N.Y.)</subfield>
			<subfield code="v">Newspapers.</subfield>
		</datafield>
		<datafield ind1=" " ind2="7" tag="651">
			<subfield code="a">New York (State)</subfield>
			<subfield code="z">New York</subfield>
			<subfield code="2">fast</subfield>
			<subfield code="0">(OCoLC)fst01204333</subfield>
		</datafield>
		<datafield ind1=" " ind2="7" tag="651">
			<subfield code="a">New York (State)</subfield>
			<subfield code="z">New York County.</subfield>
			<subfield code="2">fast</subfield>
			<subfield code="0">(OCoLC)fst01234953</subfield>
		</datafield>
		<datafield ind1=" " ind2="2" tag="650">
			<subfield code="a">Newspapers.</subfield>
		</datafield>
		<datafield ind1=" " ind2="7" tag="655">
			<subfield code="a">Newspapers.</subfield>
			<subfield code="2">fast</subfield>
			<subfield code="0">(OCoLC)fst01423814</subfield>
		</datafield>
		<datafield ind1=" " ind2="7" tag="655">
			<subfield code="a">Periodicals.</subfield>
			<subfield code="2">fast</subfield>
			<subfield code="0">(OCoLC)fst01411641</subfield>
		</datafield>
		<datafield ind1=" " ind2="7" tag="655">
			<subfield code="a">Newspapers.</subfield>
			<subfield code="2">lcgft</subfield>
		</datafield>
		<datafield ind1=" " ind2="7" tag="655">
			<subfield code="a">Periodicals.</subfield>
			<subfield code="2">lcgft</subfield>
		</datafield>
		<datafield ind1=" " ind2=" " tag="752">
			<subfield code="a">United States</subfield>
			<subfield code="b">New York</subfield>
			<subfield code="c">New York</subfield>
			<subfield code="d">New York.</subfield>
		</datafield>
		<datafield ind1="0" ind2=" " tag="770">
			<subfield code="t">New York times magazine</subfield>
			<subfield code="x">0028-7822</subfield>
			<subfield code="w">(OCoLC)1760221</subfield>
		</datafield>
		<datafield ind1="1" ind2=" " tag="775">
			<subfield code="t">New York times large type weekly</subfield>
			<subfield code="x">0028-7814</subfield>
			<subfield code="w">(DLC)sn 78001349</subfield>
			<subfield code="w">(OCoLC)1776110</subfield>
		</datafield>
		<datafield ind1="1" ind2=" " tag="775">
			<subfield code="t">Semi-weekly times (New York, N.Y.)</subfield>
			<subfield code="w">(DLC)sn 83045440</subfield>
			<subfield code="w">(OCoLC)9475039</subfield>
		</datafield>
		<datafield ind1="1" ind2=" " tag="775">
			<subfield code="t">New-York semi-weekly times</subfield>
			<subfield code="w">(DLC)sn 93059314</subfield>
			<subfield code="w">(OCoLC)28275321</subfield>
		</datafield>
		<datafield ind1="1" ind2=" " tag="775">
			<subfield code="t">New-York weekly times</subfield>
			<subfield code="w">(DLC)sn 83045332</subfield>
			<subfield code="w">(OCoLC)9447647</subfield>
		</datafield>
		<datafield ind1="0" ind2=" " tag="775">
			<subfield code="t">International New York times</subfield>
			<subfield code="x">2269-9740</subfield>
			<subfield code="g">Oct. 15, 2013-Oct. 11, 2016</subfield>
			<subfield code="w">(DLC) 2013254386</subfield>
			<subfield code="w">(OCoLC)861810083</subfield>
		</datafield>
		<datafield ind1="0" ind2=" " tag="775">
			<subfield code="t">New York times (International edition 2016)</subfield>
			<subfield code="x">2474-7149</subfield>
			<subfield code="g">Oct. 12, 2016-</subfield>
			<subfield code="w">(DLC) 2016202622</subfield>
			<subfield code="w">(OCoLC)960428092</subfield>
		</datafield>
		<datafield ind1="1" ind2=" " tag="776">
			<subfield code="t">New York times (CD-ROM)</subfield>
			<subfield code="x">1542-667X</subfield>
			<subfield code="w">(DLC)sn 93031859</subfield>
			<subfield code="w">(OCoLC)27999397</subfield>
		</datafield>
		<datafield ind1="1" ind2=" " tag="776">
			<subfield code="t">New York times on the Web</subfield>
			<subfield code="x">1553-8095</subfield>
			<subfield code="w">(DLC)sn 00061556</subfield>
			<subfield code="w">(OCoLC)34107580</subfield>
		</datafield>
		<datafield ind1="1" ind2=" " tag="777">
			<subfield code="t">Little times</subfield>
			<subfield code="w">(DLC)sn 92061532</subfield>
			<subfield code="w">(OCoLC)1756036</subfield>
		</datafield>
		<datafield ind1="0" ind2="0" tag="780">
			<subfield code="t">New-York daily times</subfield>
			<subfield code="w">(DLC)sn 83030746</subfield>
			<subfield code="w">(OCoLC)7919228</subfield>
		</datafield>
		<datafield ind1="1" ind2=" " tag="787">
			<subfield code="t">New York times book review</subfield>
			<subfield code="x">0028-7806</subfield>
			<subfield code="w">(OCoLC)6441787</subfield>
		</datafield>
		<datafield ind1=" " ind2=" " tag="979">
			<subfield code="a">ocm01645522^</subfield>
		</datafield>
		<datafield ind1=" " ind2=" " tag="997">
			<subfield code="a">20181004160829.0</subfield>
			<subfield code="c">HT</subfield>
			<subfield code="d">TEU</subfield>
			<subfield code="s">OCLC</subfield>
		</datafield>
		<datafield ind1=" " ind2=" " tag="ADM">
			<subfield code="b">2018-11-09 13:35:30</subfield>
			<subfield code="e">ocm01645522</subfield>
			<subfield code="d">WorldCat</subfield>
			<subfield code="f">20181004160829.0</subfield>
			<subfield code="a">2018-10-04 20:10:37</subfield>
			<subfield code="c">false</subfield>
		</datafield>
		<datafield ind1="8" ind2=" " tag="HLD">
			<subfield code="b">MAIN</subfield>
			<subfield code="c">zpaley</subfield>
			<subfield code="h">Newspaper</subfield>
			<subfield code="x">NOTE(CHECKIN): Only keep one month in news center, rest in Curr Per (3 months). dc 05/10. | NOTE(CHECKIN): Shelve in Paley News Center. **TATTLETAPE** dc 01/10 | NOTE(CHECKIN): Daily paper canceled with EBSCO 1/1/09,(Sunday only received). dc 12/08 | NOTE(CHECKIN): Paley Current Periodicals - Paper issues discarded when microfilm is received. (Keep 3 months in Current Periodicals) | FREQUENCY: d | RETENTION: m | VEN TITLE#: rb474100001630787000 | VEN TITLE#: rb474100001630789006</subfield>
			<subfield code="8">22315150410003811</subfield>
		</datafield>
		<datafield ind1=" " ind2="0" tag="HLD866">
			<subfield code="a">Current paper issues only.</subfield>
			<subfield code="8">22315150410003811</subfield>
		</datafield>
		<datafield ind1="2" ind2=" " tag="HLD">
			<subfield code="b">PODIATRY</subfield>
			<subfield code="c">serials</subfield>
			<subfield code="h">Newspaper</subfield>
			<subfield code="x">RETENTION: - | VEN TITLE#: RB474890001630819068</subfield>
			<subfield code="8">22315150430003811</subfield>
		</datafield>
		<datafield ind1=" " ind2="0" tag="HLD866">
			<subfield code="a">Current 3 months</subfield>
			<subfield code="8">22315150430003811</subfield>
		</datafield>
		<datafield ind1="0" ind2=" " tag="HLD">
			<subfield code="b">AMBLER</subfield>
			<subfield code="c">stacks</subfield>
			<subfield code="h">Newspaper</subfield>
			<subfield code="x">NOTE(CHECKIN): Ambler | VEN. NOTE: 006 is for sunday edition | FREQUENCY: d | SCODE3: -</subfield>
			<subfield code="8">22315150360003811</subfield>
		</datafield>
		<datafield ind1=" " ind2="0" tag="HLD866">
			<subfield code="a">Current two months only.</subfield>
			<subfield code="8">22315150360003811</subfield>
		</datafield>
	</record>
</collection>
